3314 5124
618 397 842 467 ⁴⁶63-

106 581 312 668 coniunxerit,
337 559 562 666 intelleximus
588 602 690 670 pauca
710 583 808 650 verba
829 580 973 654 facienda
987 585 1074 667 sunt3
1099 579 1178 651 satis
1194 587 1245 650 est
1258 587 1350 650 ncta-

106 696 200 776 visse,
232 715 303 760 carn
326 693 546 760 historicorum
557 693 592 778 ¹),
621 693 776 778 imprimis
800 689 1005 778 Theopompi,
1028 690 1120 760 libris
1142 695 1271 759 minime
1284 693 1349 759 'ne-

105 799 221 886 glectis
244 785 279 870 iir
302 801 472 880 uirtutibus
496 799 721 888 Demosthenis
745 799 959 887 detrectandis
983 802 1063 866 miro
1088 799 1227 890 quodam
1255 800 1348 867 modo

105 910 167 976 sihi
197 911 356 992 constar03
393 909 432 976 de
461 912 587 974 auctore
615 907 698 974 nihil
724 911 872 995 apparet,
901 909 962 975 nisi
990 907 1185 996 Hermippea
1215 910 1350 994 vestigia
1473 957 1475 966 J

106 1017 250 1104 pluribus
274 1018 352 1084 locis
376 1016 512 1084 dilucide
536 1021 655 1104 patere.
767 1094 773 1106 ι

198 1123 247 1192 De
270 1121 558 1192 PsPlutarchea
580 1123 846 1212 Photianaquc
875 1117 951 1193 viti's
979 1147 1059 1214 quae
1088 1148 1183 1213 supra
1211 1146 1250 1192 ex
1277 1117 1350 1192 mea
1401 1145 1407 1164 “

105 1235 267 1300 sententia
289 1233 408 1320 protuli
431 1221 512 1302 nunc
535 1235 663 1317 omittc;
693 1233 774 1300 nihil
797 1231 1069 1321 aliud'quacritur
1092 1225 1187 1321 quam
1211 1234 1286 1320 quid
1310 1234 1349 1301 de

105 1342 273 1428 archetypi
296 1328 464 1430 scriptore,
494 1341 533 1408 de
556 1347 698 1428 tempore
722 1343 964 1430 auctoribusque
992 1345 1058 1410 cius
1081 1343 1275 1430 censendum
1304 1345 1350 1409 vi-

105 1449 229 1537 deatur.
277 1449 384 1537 Atque
408 1449 581 1537 Caecili02)
606 1454 712 1518 aetate
740 1452 920 1518 inferiorem
948 1473 1019 1519 cum
1041 1453 1144 1520 ruisse
1173 1473 1190 1519 e
1217 1451 1366 1540 reliquie.

106 1558 183 1624 vitis
205 1557 300 1623 facile
324 1556 534 1642 intellegitur,
564 1581 756 1646 quamquam
780 1582 860 1649 quae
884 1581 901 1627 e
929 1558 1020 1627 libris
1049 1562 1115 1627 eius
1144 1559 1269 1644 singula
1296 1559 1350 1626 de·
1420 1626 1423 1636 ,

105 1669 237 1753 sumpta
264 1667 343 1749 sint,
373 1665 511 1732 dubitari
538 1671 653 1754 potest.
700 1663 825 1734 Priores
854 1666 994 1752 singulas
1017 1670 1155 1735 vitarum
1178 1672 1285 1765 partes
1308 1667 1363 1734 ad'
1393 1666 1395 1670 ’
1521 1656 1523 1661 ’

106 1773 239 1840 Caecilii
266 1774 423 1841 rhetorica
450 1795 546 1862 opera
573 1775 674 1864 redire
702 1775 935 1844 Burckhardtio
962 1776 1100 1844 libenter
1130 1776 1279 1859 eonced03
1316 1777 1349 1842 in

104 1871 269 1950 Photiana
282 1881 505 1948 Demosthenis
522 1885 590 1948 vita
605 1903 680 1950 sanc
696 1883 790 1970 plura
802 1882 983 1952 Caeciliana
999 1885 1134 1968 vestigia
1150 1885 1350 1951 inveniuntur

106 1991 162 2078 (cf.
188 1989 325 2057 Burckh.
356 1991 394 2057 fr.
427 1993 484 2074 163
516 1994 658 2058 18-an
687 1996 720 2059 et
747 2013 828 2079 quae
857 1990 922 2058 alia
949 1991 1101 2060 nonnulla
1124 1984 1249 2080 Sauppe
1273 1992 1295 2059 l.
1321 2013 1346 2059 c.

105 2099 287 2185 disseruit),
316 2098 372 2165 sed
395 2099 603 2165 recentiorum
626 2099 788 2166 rhetorum
817 2097 943 2187 placitis
972 2099 1084 2166 obruta
1112 2104 1207 2186 atque
1235 2098 1349 2186 ampli-

106 2208 214 2274 ficata.
243 2206 353 2273 'Nihil
377 2212 483 2273 autem
506 2208 567 2274 nisi
590 2207 704 2274 iudicia
728 2206 766 2273 de
792 2207 914 2275 dicendi
938 2211 1097 2276 oratorum
1124 2208 1289 2291 generibus
1317 2211 1350 2273 et

106 2315 147 2382 de
171 2317 310 2382 numeris
333 2317 539 2400 genuinarum
562 2317 800 2403 spuriarumque
816 2317 994 2383 orationum
1011 2319 1052 2403 (si
1069 2315 1195 2403 quidem
1210 2314 1347 2396 Burekh.

105 2423 146 2489 de
173 2423 318 2490 omnibus
342 2425 381 2490 iis
404 2446 435 2511 p.
462 2425 501 2488 51
528 2428 612 2490 recte
636 2425 764 2509 statuit)
789 2423 944 2490 Caecilius
968 2423 1186 2510 suppeditasse
1209 2424 1347 2507 videtur3

104 2530 338 2598 Burckhardtio
368 2536 452 2599 certe
481 2536 517 2598 ut
545 2531 716 2599 Caecilium
745 2533 880 2600 invitis
908 2533 985 2619 ipsis
1014 2551 1137 2618 quoque
1173 2531 1348 2598 adhibitum

105 2661 175 2708 esse
205 2640 450 2723 demonstraret,
487 2642 599 2724 fragm.
633 2645 647 2705 1
679 2633 713 2706 et
743 2643 784 2705 12
809 2645 826 2699 b
856 2641 1049 2724 argumentis
1077 2641 1125 2706 uti
1152 2660 1214 2707 non
1248 2639 1346 2707 licuit.

104 2748 176 2816 Hoc
204 2771 300 2815 unum
329 2731 468 2830 constat,
505 2751 537 2815 in
566 2751 640 2816 vitis
669 2753 828 2815 oratorum
857 2749 1040 2816 enarrandis
1068 2769 1264 2815 communem
1292 2747 1349 2815 Ps-

104 2855 272 2923 Plutarchi
288 2855 457 2944 Photiique
480 2858 687 2944 archetypum
712 2857 752 2928 ad
776 2859 970 2944 superiorum
992 2857 1234 2943 biographcrum
1250 2856 1348 2922 libros

105 2964 218 3031 redire.
259 2964 482 3032 Demosthenis
507 2967 573 3032 vita
596 2963 707 3032 eadem
732 2955 783 3032 vel
807 2965 972 3032 simillima
991 2967 1103 3031 nititur
1119 2967 1253 3031 materia
1269 2986 1348 3051 quae

104 3075 139 3140 in
162 3071 355 3140 Plutarchea
383 3075 450 3139 vita
479 3093 517 3140 ex
546 3072 618 3140 aliis
646 3073 785 3140 fontibus
806 3077 908 3146 ‚auen
936 3076 1033 3140 extat.
1082 3071 1166 3150 Quae
1195 3093 1269 3138 vero
1293 3093 1349 3158 per

104 3180 249 3265 singulos
272 3183 357 3248 rivos
380 3182 413 3248 in
440 3181 588 3248 ultimum
617 3181 782 3268 archetypi
810 3202 936 3248 amnem
964 3181 1176 3267 pervenerint,
1207 3182 1260 3247 vix
1288 3180 1349 3247 dici

104 3292 224 3375 potest,
249 3309 441 3375 quamquam
457 3289 614 3355 Demetrii
629 3287 786 3372 Magnetis
809 3288 924 3356 indicia
948 3291 994 3376 (p.
1018 3290 1094 3370 281,
1120 3291 1185 3356 287
1202 3285 1347 3375 PsPlut.)

104 3400 217 3484 aperte
246 3396 462 3479 dinoscuntur,
499 3399 592 3483 quem
620 3399 728 3463 tamen
756 3399 858 3484 ipsum
886 3395 978 3462 illum
1006 3397 1191 3484 scriptorem
1227 3398 1348 3484 opinari

103 3504 314 3589 Rcesigerum
337 3505 453 3570 notitia
475 3525 506 3591 p.
532 3506 613 3587 288,
645 3499 710 3571 184
734 3526 753 3571 a
775 3503 938 3570 Demetrio
962 3525 1088 3591 prorsus
1112 3504 1217 3571 aliena
1240 3509 1348 3596 vetare

106 3613 229 3680 debuit.
278 3612 331 3679 De
354 3611 517 3701 reliquis
541 3614 634 3680 vitis
658 3613 739 3680 nihil
767 3615 845 3680 certi
872 3613 1003 3681 iudicari
1031 3634 1137 3700 posse,
1166 3634 1258 3680 uerno
1286 3634 1349 3680 non

103 3721 209 3804 uidet3
236 3721 275 3787 de
298 3720 426 3788 Libanii
449 3722 534 3788 uitae
558 3721 774 3808 prioreparte
797 3719 877 3787 nihil
901 3711 1035 3804 constat,
1060 3723 1120 3787 nisi
1143 3743 1243 3808 neque
1267 3721 1348 3788 Her·

103 3831 207 3917 mippi
231 3851 332 3916 neque
356 3830 512 3897 Demetrii
535 3829 677 3912 vestigiis
700 3847 771 3893 earn
794 3830 953 3911 insistere3
982 3832 1015 3894 in
1037 3828 1162 3912 Zosimi,
1187 3829 1349 3917 Anonymi

102 3938 223 4005 Suidae
248 3939 323 4006 vitis
347 3959 427 4026 quae
444 3937 638 4026 Hermippea
661 3939 869 4022 inveniuntur,
894 3936 1016 4004 nullam
1040 3938 1078 4004 de
1095 3937 1272 4004 auctoribus
1289 3937 1347 4004 ali-

101 4047 181 4135 quid
205 4047 284 4114 certi
307 4046 464 4114 iudicandi
488 4066 598 4112 ansam
621 4045 712 4111 nobis
735 4045 931 4128 ministrant3
957 4045 1072 4112 Suidae
1088 4046 1223 4133 primum
1240 4051 1345 4132 caput,

101 4157 194 4224 cuius
217 4156 358 4222 maxima
381 4177 454 4243 pars
475 4154 702 4241 Hermippeam
726 4153 815 4219 duxit
839 4153 1000 4238 originem,
1025 4175 1064 4219 ex
1079 4152 1253 4240 Hermippo
1276 4154 1345 4240 ipso

102 4268 290 4351 excerptum
314 4284 383 4331 esse
406 4263 484 4330 mihi
508 4284 571 4329 non
594 4247 765 4329 verisimile
790 4266 847 4327 est.

182 4446 202 4516 ¹)
223 4453 261 4504 De
276 4451 343 4506 Dur.
356 4448 445 4503 Samio
461 4448 550 4511 „Plut
571 4443 697 4500 auctore“
713 4445 797 4500 Gebh.
816 4460 843 4512 p.
859 4443 963 4500 13-15
983 4444 1137 4500 doctissima
1154 4461 1209 4499 ram
1223 4444 1345 4500 confecit.

178 4536 202 4606 ¹)
222 4541 246 4594 A
266 4539 381 4594 Caecilio
408 4553 537 4593 canonem
561 4535 653 4589 decem
678 4537 815 4589 oratorum
839 4535 1019 4590 conshtutum
1042 4551 1100 4589 essa
1120 4535 1214 4590 ileiare
1238 4537 1367 4600 auctore,

100 4631 210 4700 (epulo
229 4631 256 4697 I,
285 4629 337 4684 120
356 4626 409 4698 sq.)
428 4625 618 4683 Burclrhardto
640 4640 668 4693 p.
689 4623 725 4678 10
747 4626 777 4678 et
795 4623 937 4680 Gebhardo
962 4642 989 4694 p.
1009 4624 1044 4696 35
1069 4626 1205 4692 explorata
1229 4641 1271 4679 ras
1296 4627 1345 4678 est.

97 4721 275 4786 Studemund
295 4719 336 4788 (in
354 4721 443 4774 Herm.
464 4722 516 4775 rol
536 4716 573 4780 11,
592 4713 658 4780 449)
678 4714 806 4770 decadem
826 4715 983 4771 callimachi
1002 4716 1086 4771 aetati
1105 4713 1259 4774 vindicarit.

220 4797 222 4802 .
620 4818 835 4864 ἡ-
