3314 5124
674 353 896 422 ..31-

162 539 291 604 verbum
318 535 533 619 transtulisse,
562 537 688 622 saepius
710 535 872 602 turbatum
896 535 1036 601 ordinem
1058 537 1224 603 restituere
1248 533 1403 602 studuisse

162 652 194 712 01
229 645 386 733 quaedam
422 647 519 711 ctiam
554 665 636 711 nova
670 644 865 726 addidisse«,
905 645 964 710 hac
998 647 1107 710 nostra
1145 647 1251 710 aetate
1286 645 1405 731 primus

162 755 200 820 A.
226 753 366 820 Schoene
378 755 401 839 ¹)
427 755 459 818 in
483 753 703 818 dissertatione
728 751 766 818 de
790 753 905 838 Lysiae
929 755 1003 819 vitis
1028 756 1174 818 accurata
1196 749 1255 817 illa
1278 751 1405 838 quidem

162 862 217 928 sed
251 862 349 950 verba
377 863 471 927 nimis
498 866 661 947 premente
689 861 842 928 discessit.
895 861 1016 927 Statuit
1044 865 1092 928 vir
1120 862 1243 943 0100100,
1280 859 1357 926 (1000
1386 881 1405 924 0

162 967 472 1036 PseudoPlutareho
500 970 603 1035 fontes
632 969 791 1035 adhibitos
820 990 902 1050 csse,
931 989 1062 1056 quorum
1090 971 1187 1056 priori
1214 970 1297 1035 vitas
1319 969 1405 1054 ipsas

162 1083 288 1144 tantum
327 1077 500 1142 continenti
534 1075 641 1143 Photii
675 1082 708 1142 et
743 1076 888 1162 Dionysii
922 1076 1210 1144 Halicarnassensis
1244 1073 1406 1161 exemplar

163 1185 313 1272 (ἱστορία)
343 1184 539 1252 simillimum
567 1186 692 1266 inisset,
722 1183 854 1251 alterius
882 1187 972 1271 quasi
995 1191 1129 1260 πίνακος
1152 1205 1225 1271 pars
1249 1207 1268 1250 a
1290 1182 1405 1250 Photio

163 1293 213 1360 vel
238 1295 305 1360 eius
329 1298 454 1360 auctore
479 1294 637 1380 exscripta
661 1297 758 1375 esset3
787 1315 808 1358 a
830 1293 944 1360 Photio
968 1297 1132 1380 praeterea
1154 1297 1324 1374 auctorem,
1352 1292 1406 1378 qui

163 1403 203 1469 ad
226 1402 402 1469 rhetoricae
426 1403 504 1468 artis
527 1402 653 1486 regulas
677 1404 834 1469 orationes
857 1403 1072 1489 inquisiverat‚
1097 1404 1130 1468 in
1152 1423 1243 1468 usum
1259 1405 1406 1468 vocaturn

162 1532 240 1577 esse.
282 1508 368 1587 Quae
389 1509 571 1597 disputati0,
596 1531 786 1596 quamquam
804 1511 855 1576 vix
871 1512 976 1576 omnia
991 1510 1117 1597 probari
1133 1512 1274 1597 possunt,
1298 1513 1406 1575 tamen

163 1618 246 1704 quod
274 1639 346 1683 eam
374 1639 469 1704 quam
498 1620 562 1683 iam
589 1617 742 1683 01110010
766 1622 937 1705 posuerant
970 1621 1160 1684 sententiam
1188 1616 1295 1683 Photii
1322 1619 1406 1683 vitas

163 1747 225 1792 non
260 1746 345 1792 merc
375 1747 391 1791 0
419 1724 755 1793 Pseudo-Plutarcheis
784 1728 993 1813 transcriptas
1021 1746 1088 1792 esse
1117 1725 1262 1809 diligenti
1289 1724 1405 1811 Lysiae

163 1837 301 1900 vitarum
324 1835 558 1921 comparatione
582 1835 788 1915 confirmavit,
814 1855 884 1900 curn
907 1855 1022 1918 magna
1045 1833 1240 1920 respicienda
1255 1837 1305 1899 est
1320 1853 1404 1899 cura.

162 1941 296 2008 Schoeni
328 1944 502 2008 sententias
525 1945 579 2029 qui
607 1943 804 2029 impugnavit
831 1940 986 2026 Zucker2)
1016 1945 1061 2028 (p.
1088 1942 1169 2026 299)
1198 1941 1239 2006 ad
1266 1944 1406 2007 veterem

161 2048 253 2114 illam
268 2049 499 2116 Westermanni
523 2053 699 2137 opinionem
722 2053 862 2116 revertit.
907 2050 1091 2136 Roesiger⁸)
1116 2035 1160 2115 de
1177 2048 1406 2115 necessitudine

160 2156 561 2225 Pseudo-Plutarchearum
577 2158 864 2247 Photianarumquc
888 2162 1025 2226 vitarum
1053 2157 1133 2225 nihil
1156 2159 1232 2225 certi
1249 2158 1406 2243 professus

162 2271 220 2332 est.
261 2265 456 2332 Ballheimer
477 2267 603 2333 demum
618 2288 688 2333 cum
705 2287 752 2349 ea,
777 2289 873 2354 qnam
889 2268 1076 2351 gravissima
1090 2288 1142 2332 res
1157 2262 1308 2352 postulat,
1333 2283 1407 2330 cura

94 2356 100 2364 .
163 2372 389 2458 diligentiaque
424 2375 638 2460 quaestionem
672 2375 720 2439 ita
755 2373 865 2455 solvit,
901 2379 937 2439 01
971 2381 1166 2440 communem
1194 2370 1407 2438 Pseudo-Plu-

163 2481 265 2548 tarchi
289 2480 455 2567 Photiique
479 2485 562 2548 vitas
586 2483 737 2565 originem
761 2483 876 2548 habere
901 2465 956 2568 000
981 2485 1065 2552 00010
1089 2484 1257 2562 010100001;
1283 2480 1344 2546 0101
1368 2478 1405 2544 de

167 2591 357 2672 argumentis
385 2591 619 2677 rationibusque
648 2593 714 2657 eius
742 2613 804 2657 non
828 2593 934 2677 paucis
958 2590 1126 2677 disceptari
1149 2593 1269 2675 potest,
1298 2592 1406 2654 tamen

169 2696 243 2762 mihi
276 2718 399 2784 quoque
428 2697 466 2763 de
494 2701 651 2764 communi
681 2700 816 2765 vitarum
844 2697 972 2764 illarum
1001 2699 1119 2780 origine
1147 2700 1281 2764 constat.
1328 2694 1406 2761 Post

168 2802 410 2871 Ballheimerum
433 2807 590 2871 neminem
615 2806 724 2888 habeo,
750 2827 843 2892 quem
866 2807 900 2890 in
922 2806 981 2871 hao
1004 2805 1217 2872 controversia
1231 2805 1406 2870 accuratius

166 2919 323 2980 versatum
358 2914 530 2999 proferam3
568 2917 674 3000 itaque
710 2913 751 2979 ad
785 2915 1002 2999 quaestionem
1042 2914 1089 2978 ita
1116 2916 1152 2977 ut
1186 2931 1255 2977 meo
1290 2911 1404 2978 iudicio

164 3021 356 3087 instituenda
379 3021 503 3087 videtur
525 3021 725 3088 tractandam
748 3042 798 3086 me
823 3027 911 3087 nerto
936 3026 1031 3108 atque
1055 3021 1190 3107 primurn
1213 3019 1252 3086 de
1273 3017 1405 3085 Photii

164 3130 231 3194 vita
254 3129 336 3216 (cod.
363 3131 454 3214 265),
479 3128 614 3210 silicet,
640 3129 801 3195 disseram.

256 3236 389 3303 Constat
412 3237 490 3304 haec
513 3239 581 3304 vita
605 3237 725 3304 duabus
749 3237 905 3324 00011000,
936 3258 1068 3323 quarum
1091 3237 1193 3323 priore
1217 3238 1298 3322 (490
1320 3241 1336 3291 b
1361 3239 1401 3300 41

164 3346 275 3410 -492
296 3349 314 3401 b
339 3347 396 3430 20)
432 3348 568 3432 primum
603 3367 749 3411 numerus
785 3346 961 3410 orationum
997 3343 1201 3427 genuinarunr
1238 3342 1403 3425 indicatur,

163 3452 274 3518 deinde
299 3453 337 3518 de
361 3453 520 3519 nonnullis
536 3453 739 3534 orationihus,
764 3474 896 3539 quarum
913 3451 993 3517 alias
1008 3472 1070 3516 non
1085 3449 1308 3517 Demosthenis
1325 3449 1405 3516 alias

162 3562 297 3647 scriptas
321 3560 376 3626 sed
401 3581 463 3627 non
479 3561 605 3628 habitas
622 3583 690 3628 esse
706 3562 847 3627 rhetores
863 3564 1051 3641 statuerant,
1077 3559 1198 3645 plenius
1215 3557 1403 3645 disputatur,

161 3672 230 3734 turn
255 3667 292 3733 de
316 3668 488 3754 Leptineae
512 3666 731 3755 Midianaeque
755 3687 896 3734 sermone
920 3666 1012 3752 plura
1035 3665 1243 3748 dissemntur‚
1272 3665 1404 3751 denique

162 3797 223 3862 quo
240 3797 322 3841 anno
339 3778 455 3842 aetatis
467 3775 696 3843 Demosthenes
708 3776 919 3842 Athenienses
931 3773 1091 3860 Olynthiis
1108 3772 1254 3839 auxiliari
1268 3774 1403 3856 iusserit,

162 3886 270 3970 paucis
294 3883 472 3965 adnotatur.
513 3883 628 3950 Altera
651 3905 730 3970 quae
755 3883 900 3969 deinceps
925 3883 1065 3969 sequitur
1088 3902 1161 3968 pars
1177 3883 1210 3947 in
1226 3881 1286 3947 duo
1302 3881 1405 3946 divisa

161 3996 212 4058 est
235 3993 350 4078 capita,
375 4011 507 4076 qnorum
530 3992 632 4077 priore
657 3993 724 4057 vita
747 3993 891 4086 continue
915 3992 1034 4077 scripta
1056 3991 1202 4054 narratur
1225 3990 1401 4076 (400001

168 4131 275 4139 ...ι-ο-
286 4129 378 4136 ---—--.

236 4188 256 4252 ¹)
276 4193 325 4245 Die
344 4192 523 4260 Biographien
543 4191 591 4246 der
612 4192 645 4245 10
665 4192 807 4246 Attischen
826 4192 939 4246 1100000.
980 4191 1003 4244 1.
1023 4191 1125 4259 Lysias.
1144 4189 1316 4246 1011001010.
1336 4206 1400 4244 000.

164 4282 240 4337 1871.
279 4299 305 4350 p.
327 4281 477 4335 701-187.

234 4369 256 4438 ²)
276 4372 348 4437 Quae
372 4374 440 4425 ratio
466 4373 536 4426 inter
560 4373 629 4425 vitas
653 4373 855 4438 Dionysiacam‚
880 4371 1212 4436 Pseudo-Plutarcheam,
1240 4371 1402 4424 Photianam

161 4463 321 4516 intercedat.
359 4463 390 4515 10
410 4467 461 4516 act.
481 4478 545 4515 sem.
564 4463 631 4530 phil.
670 4464 777 4531 Erlang.
800 4461 879 4516 1878.
917 4477 943 4530 p.
964 4460 1115 4517 aaa-312.

234 4550 256 4618 ⁸)
277 4555 315 4607 De
335 4553 437 4606 Duride
457 4554 533 4607 Diod.
555 4557 583 4607 et
603 4555 675 4606 Plut.
695 4558 811 4608 auctore.
845 4554 914 4606 Dias.
934 4553 1023 4621 inaug.
1058 4552 1177 4620 Gotting.
1201 4551 1279 4605 1874.
1311 4567 1336 4618 p.
1358 4549 1401 4603 49.
