3314 5124
658 405 879 473 ...U-

146 596 303 680 quantum
327 589 395 656 fieri
418 592 532 676 potest,
558 609 664 655 eruere
687 589 877 656 studeamus.
917 589 981 655 Sed
1003 591 1035 654 in
1058 585 1210 656 eiusmodi
1233 587 1390 677 quaestio

146 703 240 768 nibus
276 720 371 785 quam
407 699 546 763 maxima
580 717 658 783 opus
687 718 755 763 esse
783 699 926 764 cautione
953 699 986 762 in
1014 698 1182 785 propatulo
1210 703 1273 781 est,
1309 721 1390 786 quae

145 816 257 876 tamen
286 829 306 872 a
334 805 443 871 multis
472 825 593 886 eorum,
622 807 675 890 qui
699 806 731 869 in
755 805 857 870 fontes
880 804 1097 870 historicorum
1121 811 1262 872 veterum
1290 810 1391 893 inqui-

147 919 300 996 siverunt,
325 913 547 1000 practermissa
572 917 629 978 cst.
669 912 844 1000 Scriptores
868 935 962 1000 quam
983 912 1223 996 diligentissime
1239 913 1391 1001 pervesti-

149 1045 251 1108 gasse‚
276 1022 387 1109 quales
410 1021 513 1086 fontes
532 1023 674 1107 usurpati
691 1041 759 1086 esse
775 1021 950 1103 videantur,
976 1020 1207 1088 demonstrasse
1223 1042 1391 1108 eorumque

150 1131 245 1198 fidem
270 1130 455 1196 diiudicasse
478 1127 635 1213 plerisque
659 1149 771 1215 operae
796 1149 858 1194 nou
880 1130 1015 1214 pretium
1039 1134 1102 1211 est,
1131 1129 1186 1196 sed
1208 1132 1315 1216 utique
1339 1152 1392 1196 ne-

149 1239 322 1306 cessarium
338 1236 470 1317 videtur,
496 1255 549 1300 eas
570 1256 648 1321 quas
671 1239 874 1301 excusserunt
895 1235 1065 1302 relationes
1088 1239 1182 1303 certis
1206 1238 1392 1324 quibusdam

150 1346 355 1432 scriptoribus
371 1343 540 1425 vindicare,
559 1347 653 1429 atque
670 1329 852 1430 plerumque
868 1344 917 1425 iis,
937 1337 1107 1431 equorum
1118 1347 1251 1433 copiosis
1268 1347 1392 1432 seriptis

150 1473 328 1542 perpaucae
351 1451 502 1539 reliquiae
528 1453 666 1516 aetatem
694 1450 844 1516 tulemnt.
893 1450 961 1529 Qua
988 1454 1020 1518 iu
1048 1474 1082 1518 re
1109 1453 1203 1519 multi
1231 1475 1293 1520 non
1321 1473 1393 1520 con-

151 1560 302 1640 siderant,
321 1561 473 1645 quantum
490 1557 736 1640 fragmentorum
753 1557 830 1624 fides
847 1559 886 1624 ab
900 1547 1116 1646 excerptorum
1129 1582 1204 1627 cura
1215 1560 1394 1644 diligentia-

153 1690 214 1755 que
238 1667 376 1754 pendeat
398 1685 555 1751 quamque
578 1685 689 1750 pamm
713 1686 863 1752 persaepe
887 1687 904 1731 e
928 1667 1113 1750 fragmentis
1140 1668 1180 1735 ad
1208 1670 1395 1754 scriptorum

154 1774 314 1858 cogitandi
330 1773 382 1839 vel
398 1770 553 1838 scribendi
569 1772 723 1837 rationem
740 1771 987 1857 intellegendum
1002 1773 1168 1858 lucremur,
1192 1778 1219 1842 si
1235 1797 1285 1842 res
1302 1775 1396 1841 aliter

156 1883 270 1969 exponi
291 1902 353 1947 non
377 1883 546 1967 potuerunt
569 1883 664 1965 atque
688 1882 848 1966 expositae
872 1885 953 1947 sunt.
1003 1881 1088 1960 Quae
1112 1885 1217 1951 sobria
1240 1885 1396 1951 iudicandi

152 1993 237 2058 ratio
266 1993 299 2057 in
326 1991 379 2070 iis,
409 2009 489 2074 quae
514 1987 552 2054 de
577 1990 754 2056 auctoribus
778 2013 798 2056 a
820 1989 958 2056 Diodoro
982 1990 1015 2055 in
1037 1990 1192 2059 Phocaico
1216 1991 1301 2058 bello
1325 2012 1397 2058 cou-

151 2098 321 2166 scribendo
338 2096 486 2162 adhibitis
503 2100 722 2182 pronuntiatae
739 2100 821 2176 sunt,
840 2098 1004 2163 sententiis
1020 2121 1082 2166 non
1099 2121 1210 2186 pamm
1227 2100 1397 2166 desiderari

150 2207 235 2273 mihi
259 2204 392 2286 ridetur,
417 2225 495 2291 quas
518 2225 599 2270 nunc
622 2225 716 2291 quam
734 2206 954 2274 candidissime
970 2228 1141 2289 recensere,
1166 2207 1291 2291 singula
1307 2229 1398 2291 argu-

152 2316 265 2379 menta
289 2333 383 2399 quam
407 2313 640 2378 accuratissime
664 2313 839 2399 expendere
863 2315 896 2380 in
920 2316 1024 2380 animo
1048 2314 1126 2380 mihi
1149 2320 1207 2382 est.
1233 2353 1237 2360 ·

246 2419 295 2486 De
325 2419 503 2485 auctoribus
528 2417 658 2484 Diodori
687 2419 738 2485 vel
767 2420 805 2486 de
834 2420 934 2487 altero
963 2421 1109 2505 religioso
1134 2425 1260 2488 auctore
1285 2421 1362 2488 duas
1374 2423 1398 2507 ¹)

158 2531 192 2595 in
215 2533 321 2614 partes
345 2528 405 2592 viri
428 2527 512 2592 docti
536 2528 709 2593 sententias
735 2527 940 2615 protulerunt.
990 2527 1257 2617 Volquardsen²)‚
1287 2530 1399 2616 prioris

159 2636 392 2718 antesignanus
417 2655 433 2698 e
457 2635 692 2700 narratiuncula
715 2635 753 2700 de
770 2634 901 2702 Thrasio
925 2636 1129 2722 stipendiario
1152 2640 1191 2724 (c.
1211 2641 1229 2701 7
1234 2639 1280 2723 8),
1305 2658 1400 2723 quam
1491 2651 1495 2658 '

163 2763 235 2808 eum
256 2741 383 2828 reliquis
405 2742 471 2806 fero
496 2742 640 2807 omnibus
663 2741 704 2806 ad
720 2741 925 2809 Timoleontis
948 2743 1114 2810 historiam
1137 2733 1400 2832 pertinentibuse

161 2849 283 2915 Timaei
306 2848 444 2914 historiis
468 2848 615 2914 haustam
639 2869 707 2914 esse
730 2870 788 2936 pro
812 2855 896 2916 certo
920 2851 1040 2932 habuit,
1065 2872 1135 2939 epp.
1155 2855 1288 2918 61-64
1305 2852 1402 2919 colori

158 2956 383 3025 consimillima
399 2955 530 3022 Diodori
546 2957 579 3022 in
595 2975 664 3042 epp.
684 2959 827 3039 28-40,
847 2958 980 3023 56-64
996 2959 1227 3026 conscribendis
1243 2965 1402 3026 auctorem

157 3066 323 3133 Timaeum
348 3065 444 3131 fuisse
467 3065 569 3148 magis
593 3065 725 3130 coniecit
740 3087 834 3152 quam
850 3067 1055 3153 contendit2).
1097 3065 1197 3145 Quam
1213 3068 1403 3134 sententiam

158 3173 342 3259 Roessler⁴)
359 3193 422 3238 non
438 3171 540 3238 solum
556 3171 703 3258 probavit
718 3173 774 3238 sed
789 3174 886 3238 etiarn
902 3173 992 3240 novis
1009 3176 1201 3258 argumentis
1219 3174 1402 3240 confirmare

160 3284 300 3348 animum
324 3281 457 3347 induxit.
506 3279 624 3346 Contra
645 3279 765 3348 Peckio
789 3303 859 3369 opp.
886 3284 1043 3366 28-303
1068 3285 1235 3365 31,1-6;
1261 3283 1318 3364 323
1344 3284 1401 3363 333

157 3392 310 3472 38-403
337 3390 470 3454 56-64
484 3385 685 3475 Demophilo‚
710 3409 802 3475 quem
826 3389 945 3456 bellum
969 3409 1092 3456 sacrum
1116 3389 1156 3456 ab
1173 3387 1299 3476 Ephoro
1312 3393 1403 3475 petre

157 3496 308 3562 relictum
327 3496 538 3582 composuisse
554 3495 710 3562 Diodorus
726 3498 794 3582 ipse
818 3517 875 3563 nos
899 3498 990 3564 docet
1014 3500 1054 3584 (c.
1081 3501 1133 3580 14,
1150 3499 1192 3583 3),
1211 3496 1405 3564 restituenda

157 3606 231 3672 visa
258 3609 342 3670 sunt.
390 3602 480 3668 Nihil
508 3603 595 3669 aliud
623 3624 715 3687 agere
743 3624 825 3670 nuuc
853 3625 930 3691 opus
959 3609 1009 3672 est
1037 3625 1132 3691 quam
1159 3608 1195 3670 ut
1222 3602 1405 3690 Demophili

156 3713 309 3796 vestigia,
335 3731 415 3797 quae
438 3709 557 3777 Packio
581 3710 664 3798 apud
676 3710 850 3777 Diodcmm
873 3715 983 3798 patere
1006 3712 1074 3778 visa
1097 3715 1179 3793 sunt,
1207 3710 1332 3796 singula
1356 3731 1407 3777 ac-

157 3824 271 3888 curate
299 3818 539 3905 perpendamus.
588 3815 656 3896 Qua
683 3819 716 3884 iu
746 3839 779 3884 re
803 3839 842 3885 ne
866 3823 939 3885 acta
962 3839 1054 3902 agere
1078 3818 1186 3884 videar
1213 3838 1276 3884 non
1298 3819 1406 3900 timeo,

159 3929 225 3995 etsi
253 3929 319 3993 ium
347 3927 495 3994 Roessler
523 3931 556 3992 et
584 3924 835 4014 Volquardsen⁵)
863 3927 1016 3995 nonnulla
1042 3947 1104 3992 non
1132 3926 1223 4012 parvi
1255 3925 1408 3991 momenti

159 4039 352 4119 argumenta
374 4033 486 4101 Packii
510 4036 685 4101 sentcntiae
710 4040 930 4122 opposuerunt.
977 4034 1193 4117 Roesigerum‚
1218 4052 1409 4119 quamquam

243 4233 262 4302 ¹)
281 4239 321 4292 De
341 4236 437 4290 Haalrii
456 4237 530 4304 vagis
549 4237 712 4290 coniecturis
731 4237 810 4290 silere
830 4237 895 4289 mihi
915 4238 1003 4290 liceat.

240 4323 261 4392 ¹)
281 4343 308 4396 p.
330 4326 390 4380 113.

240 4413 263 4483 ’)
284 4419 317 4471 el.
337 4417 489 4471 Jahresber.
510 4417 569 4482 VII,
588 4415 650 4470 403.

242 4505 264 4574 ⁴)
284 4509 304 4560 l.
324 4523 346 4560 e.
366 4523 393 4575 p.
413 4507 456 4572 49,
476 4506 518 4560 50.

244 4593 265 4663 ⁸)
284 4597 438 4652 Jahresbcr.
456 4614 483 4667 p.
504 4595 565 4649 402.
