3314 5124
670 371 890 436 ..λβ-.-

158 550 191 616 rt
215 550 355 633 πλάσμα
378 551 431 617 καὶ
458 550 513 616 τὸν
541 549 756 634 σχηματισμὸν
778 547 909 618 Periclis
937 550 1080 616 imitatus
1109 548 1271 616 audientes
1298 551 1397 634 inere-

157 655 708 743 dihilem-in.-mcdum.«perctdisse
737 657 865 739 dicitur,
898 659 984 724 cmni
1012 659 1136 724 ratione
1162 663 1257 724 caret
1309 658 1398 724 ldcm

157 767 259 854 sentio
288 765 328 835 de
355 765 502 840 Aesicnis
530 765 645 832 iudicio
673 785 714 830 ex
740 763 917 851 Hermippo
944 765 1125 852 desumpto,
1155 766 1239 852 quod
1265 769 1302 832 ut
1328 786 1398 832 cum

157 893 183 944 a
209 877 228 939 9
254 873 360 944 verbis
383 875 416 940 'm
438 872 558 942 eadem·
570 873 706 958 „stirpel
726 874 869 955 extitisse
886 873 965 940 mihi
981 873 1187 959 persuadeam
1202 873 1398 940 nullomodo

157 981 225 1047 fieri
249 985 366 1068 petest.
406 980 459 1048 Ad
482 985 658 1046 extremum
682 984 805 1046 mutato
829 983 954 1047 nomine
978 983 1017 1064 ei,
1043 1003 1122 1068 quae
1147 983 1179 1048 in
1200 1003 1226 1060 c.
1244 984 1264 1048 8
1279 981 1319 1047 de
1335 980 1399 1068 Pyr

157 1090 233 1159 thee
257 1089 368 1158 tabula
386 1094 449 1172 est,
474 1088 640 1170 simillima
662 1089 701 1156 de
726 1087 843 1156 Ohalcc
868 1089 998 1158 affamur
1008 1092 1042 1176 ¹).
1288 1160 1291 1168 ,

248 1197 335 1276 tinae
363 1200 390 1266 si
418 1199 487 1284 quis
515 1199 623 1268 emnia
655 1197 915 1280 consideraverit,
948 1219 1030 1284 quae
1065 1197 1132 1282 alia
1166 1198 1335 1284 explicatio
1371 1200 1400 1264 ei

155 1306 300 1388 restabit,
325 1308 388 1374 nisi
403 1304 611 1372 Plutarchum
634 1305 765 1375 duorum
789 1306 922 1373 fontium
946 1305 1116 1374 relationes
1140 1307 1172 1372 in
1196 1327 1265 1393 opp.
1289 1310 1396 1372 6-11

156 1417 202 1483 ita
225 1415 421 1484 coniunxisse
444 1418 481 1480 ut
504 1434 529 1480 a
554 1417 592 1480 11
620 1415 792 1482 maximam
816 1417 940 1500 partem
964 1413 1062 1480 aliam
1086 1413 1212 1482 duxisse
1238 1415 1399 1498 originem,

157 1524 255 1594 aliam
283 1543 355 1610 epp.
382 1525 501 1588 e--ic
529 1524 632 1591 etiam.
654 1542 736 1588 runc
759 1521 895 1590 dilucide
919 1522 1093 1609 appareat?
1142 1505 1226 1600 Quas
1250 1523 1329 1588 duas
1353 1544 1402 1588 rc·

157 1633 293 1701 lotiones
316 1635 353 1698 ut
375 1635 461 1699 recte
484 1630 715 1714 distinguamus
738 1650 776 1696 ac
799 1629 1012 1712 diiudicemus,
1039 1631 1136 1696 verba
1159 1630 1251 1696 modo
1267 1630 1401 1698 laudata

158 1743 237 1824 (τοῖς
264 1740 324 1823 μὲν
351 1740 485 1813 πολλοῖς
508 1770 550 1788 -=-
574 1739 674 1823 ἐστιν)
703 1740 821 1826 optime
850 1740 1033 1824 inserviunt.
1080 1737 1290 1825 Apertissime
1318 1739 1400 1804 enim

159 1847 244 1934 plebi
269 1846 409 1915 alienum
434 1850 594 1916 aucmrcm
617 1851 762 1930 arguunt,
786 1847 841 1932 qui
864 1846 939 1932 quid
955 1846 1166 1915 Athenienses
1191 1849 1276 1913 omni
1299 1845 1401 1912 erudi-

158 1957 242 2022 tione
267 1959 363 2040 atque
387 1953 544 2040 politioris
568 1955 653 2020 vitae
676 1955 816 2022 moribus
839 1954 954 2021 imbuti
977 1954 1016 2022 de
1037 1956 1159 2022 actione
1176 1954 1400 2021 Demosthenis

159 2063 331 2130 sensissent
354 2061 464 2128 eodem
488 2063 552 2127 iere
576 2061 679 2143 modo,
704 2082 765 2148 qno
789 2063 821 2128 in
845 2082 870 2128 ο.
889 2066 909 2129 8
930 2066 1039 2128 auctor
1055 2062 1262 2150 optimatibus
1279 2061 1401 2128 alienus

159 2173 292 2252 eminet,
328 2191 518 2256 magnopere
546 2169 686 2238 curabat.
738 2169 846 2256 Atque
873 2170 946 2236 huic
974 2173 1093 2238 auctori
1120 2173 1186 2236 iam
1216 2169 1316 2236 semel
1352 2190 1401 2236 cc-

160 2281 326 2352 currimns:
362 2277 457 2359 idem,
481 2279 515 2352 ni
538 2277 642 2360 fallar,
672 2282 722 2346 est
745 2279 795 2346 cui
816 2276 1006 2346 Plutarchus
1029 2280 1177 2346 notitiam
1200 2277 1292 2350 illam
1316 2298 1342 2344 e.
1369 2281 1400 2359 4,
1475 2275 1486 2283 “

160 2387 408 2456 Demosthenem
436 2385 533 2453 solita
563 2387 761 2454 institutione
794 2387 945 2467 caruisse,
982 2386 1171 2472 desumpsit,
1200 2385 1401 2472 'eundemque

160 2497 286 2582 saepius
302 2495 385 2562 inita
400 2514 614 2576 agnoscemus.
653 2493 760 2576 Longe
777 2497 883 2560 autem
898 2494 1050 2560 maiorem
1071 2498 1196 2580 partem
1212 2493 1402 2562 Plutarchus

162 2625 198 2671 er
222 2605 327 2690 priore
348 2601 563 2676 Demostheni·
581 2601 737 2671 benevola
759 2623 796 2670 ac
819 2601 966 2689 populari
988 2601 1142 2668 relatione
1166 2602 1294 2687 petivit,
1322 2622 1401 2686 quae

161 2711 269 2798 qualia
293 2710 474 2792 tradiderit,
505 2731 521 2778 e
544 2710 699 2782 Libanii
728 2711 813 2778 ritae
842 2712 945 2796 priore
972 2715 1062 2798 parte
1087 2709 1179 2779 facile
1204 2711 1400 2796 perspicitur.

161 2820 267 2906 Atque
292 2820 428 2906 primum
452 2819 578 2906 quidem
594 2817 784 2886 Plutarchus
800 2823 832 2886 et
847 2817 999 2884 Libanius
1015 2818 1053 2884 de
1070 2818 1253 2905 parentibus
1270 2818 1402 2885 oratoris

161 2927 271 2996 eodem
299 2928 363 2994 fere
391 2926 484 2996 modo
513 2931 686 3013 exponunt,
723 2927 762 2994 de
791 2931 881 3012 patre
910 2928 1043 3009 ingenuo
1072 2928 1139 2992 cive
1167 2929 1203 3014 <a
1230 2924 1402 2993 Plutarcho

161 3035 382 3122 Theopompus
405 3037 570 3116 excitatur,
595 3035 764 3102 aLibanic
779 3034 952 3102 Aeschines
969 3034 1027 3115 HI,
1055 3036 1144 3119 171),
1169 3034 1208 3100 de
1225 3033 1401 3117 gladiumin

161 3145 301 3226 Officium
332 3145 371 3216 de
394 3145 576 3228 cognom-ine
603 3145 703 3231 patris
727 3143 844 3231 (Plutz
879 3144 1064 3208 ἐπεκαλεῖτο
1092 3144 1127 3208 δὲ
1155 3143 1402 3229 μαχαιροποιός,

161 3252 365 3338 ἐργαστήριον
388 3251 469 3332 ἔχων
491 3253 648 3335 μέγακαὶ
671 3253 804 3327 δούλους
828 3257 970 3331 τεχνίτας
994 3253 1067 3326 τούς
1083 3255 1173 3317 τοῦτο
1189 3251 1401 3337 πράττοντας.

161 3359 247 3426 Lih.:
277 3357 482 3446 ἐργαστήριον
504 3360 536 3424 δ’
559 3363 686 3424 οἰκετῶν
708 3363 953 3446 μαχαιροποιῶν
973 3363 1157 3444 κεκτημένος
1175 3359 1330 3422 ἐντεῦθεν
1347 3358 1403 3442 τήν

163 3470 216 3532 τοῦ
245 3469 484 3552 μαχαιροποιοῦ
512 3467 621 3552 κλήσιν
649 3465 796 3553 ἐλαβεν),
830 3465 868 3534 de
896 3466 1010 3532 matris
1037 3465 1174 3532 barbara
1202 3465 1320 3548 origine
1356 3465 1379 3550 (

162 3575 319 3642 communi
343 3575 440 3660 stirpe
463 3573 630 3644 Aeschinis
653 3575 750 3640 verba
773 3574 837 3656 ΙΙΙ,
869 3577 932 3640 172
956 3573 1167 3658 legebantur).
1216 3572 1338 3638 Deinde
1365 3572 1403 3640 de

161 3681 276 3748 Batalc
302 3681 382 3754 nihil
405 3681 555 3748 differunt
576 3684 636 3748 nisi
660 3683 743 3768 quod
763 3681 952 3748 Plutarchus
976 3700 1147 3763 cognomen
1171 3700 1191 3743 a
1211 3681 1326 3766 pueris,
1351 3679 1405 3746 Li·

163 3790 274 3856 banius
302 3811 322 3854 a
349 3789 427 3855 viris
454 3790 484 3854 ei
510 3789 645 3858 inditum
673 3810 741 3856 esse
770 3789 871 3858 affert.
924 3789 972 3856 De
1001 3786 1108 3853 Batali
1137 3788 1273 3854 nominis
1308 3788 1404 3870 signi-

161 3899 307 3964 ficatione
329 3897 377 3962 ‚ad
405 3895 538 3964 eandem
566 3897 718 3980 originem
746 3901 901 3983 speciant.
954 3895 1033 3961 Tum
1062 3895 1100 3960 de
1129 3893 1264 3980 Oropioa
1299 3915 1403 3976 cama,

162 4004 199 4070 de
223 4005 307 4071 lsaei
334 4003 513 4091 disciplina,
545 4003 687 4091 (Libanii
715 4005 812 4072 verba
830 4005 933 4088 Ἰσαίῳ
960 4003 1051 4087 μάλα
1079 4002 1171 4086 διινῷ
1199 4002 1305 4087 ῥήτορι
1334 4022 1406 4078 ocn-

161 4113 244 4180 feras
269 4133 341 4180 eum
356 4110 520 4178 Plutarchi
543 4115 604 4176 εἴτε
626 4113 751 4195 μᾶλλον
776 4116 831 4178 we
841 4115 953 4177 Ἰσαίου
975 4111 1030 4174 τὸν
1045 4110 1143 4190 λόγον
1158 4110 1200 4184 ὡς
1215 4109 1406 4194 δραστήριον

162 4223 214 4284 καὶ
241 4224 428 4306 πανοῦργον
455 4221 510 4284 ἐπὶ
540 4221 595 4306 τήν
622 4225 732 4306 χρείαν
760 4217 1056 4304 ἀποδεχόμενοςέ),
1081 4217 1120 4284 de
1148 4237 1242 4284 causa
1275 4216 1402 4282 tutelari

163 4325 324 4399 simillime
349 4348 368 4391 a
391 4325 511 4394 duobus
534 4327 738 4414 scriptoribus
763 4329 937 4414 exponitur.
986 4324 1191 4393 Communem
1214 4344 1306 4412 porro
1334 4345 1404 4390 cum

196 4617 202 4627 .
238 4562 258 4636 ¹>
277 4566 311 4620 c.
331 4562 575 4631 tremueris,
595 4562 710 4622 ts-sl.
