3314 5124
677 305 898 394 „39-

4 527 5 537 ¹
97 474 101 480 ’
163 506 257 552 suum
282 505 451 570 occupasse
475 483 635 565 videntur,
665 486 777 570 utqui
800 485 918 552 sactum
943 489 1042 566 esset,
1067 489 1102 550 ut
1124 485 1354 552 Demosthenes
1377 487 1410 552 in

169 595 318 661 contione
347 593 542 678 loqueretur,
572 592 786 679 explanarent.
834 592 906 658 Non
933 594 1049 676 magis,
1079 613 1158 679 quae
1186 594 1269 680 apud
1291 600 1411 660 utrum-

161 723 223 788 que
248 701 287 768 de
312 700 536 768 Demosthenis
560 703 592 768 in
616 701 806 770 Aeschinem
829 702 1091 785 magnaminitate
1115 702 1275 785 leguntur,
1301 703 1409 770 arche-

161 813 242 895 typo
284 808 464 876 abiudicare
503 807 611 876 dubito
651 806 793 895 (PsPlut.
836 813 917 891 284,
958 812 1116 893 90-93;
1156 809 1248 876 Phot.
1290 813 1354 876 493
1393 817 1408 868 b

163 919 334 984 31-494
365 937 382 974 a
417 918 462 1001 2).
516 914 633 994 Quibus
668 916 746 984 locis
781 918 879 984 etiam
913 939 1060 986 numeros
1092 918 1408 985 Demosthenioorum

162 1045 319 1094 annorum
341 1022 490 1090 aPhotio
507 1023 641 1090 traditos
658 1023 749 1106 addo,
774 1027 799 1092 si
817 1024 943 1112 quidem
958 1023 1267 1094 Pseudo-Plutarcho
1286 1045 1407 1112 quoque

162 1132 363 1200 restituenda
398 1137 485 1215 sunt,
522 1134 586 1198 495
616 1153 631 1188 a
667 1136 702 1215 2,
739 1136 774 1200 3:
814 1134 887 1216 ἐβίω
922 1134 968 1210 dt,
1001 1135 1043 1209 ὡς
1076 1137 1134 1217 μὲν
1169 1135 1198 1200 ol
1233 1137 1272 1198 τὰ
1308 1136 1408 1200 πλείω

160 1241 324 1319 λέγουσιν,
352 1239 404 1325 ἔτη
428 1240 473 1315 o‘‚
500 1238 543 1314 ὡς
565 1240 599 1304 δὲ
623 1238 652 1304 ol
678 1241 716 1310 τὰ
744 1240 882 1316 ἐλάττω,
908 1241 934 1316 ζ’
964 1243 1016 1304 καὶ
1043 1242 1082 1317 ξ’.
1131 1240 1230 1320 Quam
1259 1242 1407 1308 notitiam

160 1359 225 1414 una
254 1368 326 1414 oum
355 1348 439 1414 vitae
468 1349 566 1434 ipsius
592 1349 712 1414 ratione
737 1346 881 1434 (PsPlut.
908 1351 983 1430 284,
1009 1352 1067 1434 81)
1093 1351 1147 1436 (cs.
1172 1371 1268 1436 supra
1291 1371 1321 1436 p.
1348 1351 1406 1434 34)

160 1456 204 1522 ab
227 1476 289 1521 uno
314 1455 485 1541 eodemque
509 1460 635 1522 auctore
659 1457 810 1541 scriptam
834 1477 911 1538 esse,
937 1461 972 1523 ut
996 1457 1121 1523 credam
1138 1455 1334 1522 nullomodo
1352 1455 1407 1522 ad-

160 1563 234 1630 duci
257 1584 396 1650 possum.
444 1562 564 1628 Neuter
588 1564 687 1646 onim,
717 1563 800 1648 quod
821 1565 930 1650 utique
953 1566 1162 1632 necessarium
1187 1569 1270 1632 esset
1281 1567 1320 1650 ¹),
1350 1587 1406 1630 nu-

158 1674 325 1738 merdsin
348 1671 439 1738 illam
462 1673 617 1738 rationem
638 1670 787 1757 quadrat3
813 1677 957 1758 apertum
972 1673 1070 1756 igitur
1085 1676 1144 1753 est,
1169 1691 1313 1740 numeros
1331 1671 1404 1737 illos

160 1803 182 1846 a
198 1781 372 1867 posteriore
389 1779 525 1865 quodam
540 1781 573 1844 in
586 1779 792 1865 archetypum
804 1779 913 1846 illatos
926 1800 994 1846 esse
1005 1801 1105 1866 neque
1119 1801 1189 1846 oum
1202 1779 1368 1845 Sohaelero
1377 1782 1403 1864 2’)

160 1910 215 1956 eos
239 1888 407 1955 emendare
432 1907 509 1973 opus
534 1893 590 1954 est.
630 1886 678 1952 Ex
701 1888 854 1954 eiusmodi
867 1875 975 1970 ¹igitur
991 1888 1163 1974 archetypo
1180 1887 1404 1954 additamentis

158 1999 224 2090 iam
258 1996 454 2082 amplificato
484 2036 525 2044 —-
555 1995 724 2061 tenendum
759 2017 883 2082 semper
919 2001 982 2078 est,
1018 2017 1081 2082 qua
1116 1998 1236 2062 incerta
1270 1997 1322 2061 via
1357 1983 1404 2060 lu-

159 2105 357 2188 grediamur,
395 2125 465 2170 curn
499 2104 640 2172 subsidia
656 2164 658 2168 .
675 2103 743 2170 sola
778 2127 795 2172 e
830 2097 1072 2190 comparatione¹
1091 2103 1402 2172 Pseudo-Plutarchi
1531 2178 1534 2188 Ι

158 2212 330 2299 Photiique
354 2215 493 2278 vitarum
516 2212 653 2298 petenda
668 2214 732 2280 sint
749 2253 790 2262 -
808 2212 897 2294 duae,
921 2217 1067 2300 utsupra
1083 2215 1146 2278 iam
1163 2214 1237 2295 dixi,
1262 2213 1403 2278 familiae

159 2322 322 2409 profectae
346 2325 433 2402 sunt,
464 2342 595 2406 quarum
619 2321 781 2388 novissimi
805 2325 904 2387 testes
927 2319 977 2386 illi
1004 2322 1173 2407 scriptores
1202 2320 1403 2386 existimandi

159 2434 250 2511 sunt,
280 2450 423 2516 quaeque
447 2451 467 2494 a
490 2431 648 2496 communi
671 2432 801 2516 parente
825 2433 990 2515 separatae
1014 2427 1078 2494 alia
1106 2429 1203 2494 aliam
1232 2430 1401 2509 fortunam,

160 2537 381 2604 additamenta
409 2559 445 2604 ao
474 2537 683 2624 corruptelas,
714 2541 861 2624 expertae
890 2540 971 2604 sunt.
1023 2535 1129 2624 Atque
1158 2538 1251 2621 longe
1282 2538 1403 2623 optima

160 2647 289 2714 fortuna
304 2645 413 2712 Photii
428 2645 551 2711 familia
567 2667 625 2713 usa
640 2650 699 2728 ost,
717 2645 878 2711 rhetorum
895 2647 1102 2712 recentiorum
1118 2645 1241 2713 iudiciis
1258 2647 1400 2730 aucm³);

160 2755 339 2820 miserrima
360 2759 466 2820 autem
481 2773 549 2820 sors
565 2753 659 2820 alteri
676 2755 818 2838 contigit,
843 2752 924 2840 quae
941 2753 1146 2840 dispositione
1162 2754 1296 2839 pristina
1311 2752 1401 2818 foede

161 2861 320 2948 discerpta
356 2861 651 2948 interpolationibus
686 2861 786 2927 multo
822 2863 923 2945 magis
958 2862 1104 2948 patebat,
1143 2863 1175 2926 in
1210 2861 1322 2946 quibus
1358 2900 1399 2910 -

158 2970 299 3056 reliquas
343 2972 426 3038 vitas
469 2971 688 3058 praetermitto
733 3010 775 3018 -
815 2970 875 3036 hae
918 2971 1084 3057 praecipue
1128 2969 1285 3035 notandae
1328 2975 1401 3036 sunt

158 3099 189 3164 p.
232 3081 313 3160 287,
356 3080 557 3161 175-288,
600 3081 679 3161 183;
719 3081 799 3160 289,
842 3081 1043 3160 207-217;
1089 3080 1168 3158 290,
1212 3079 1398 3144 237-243

159 3187 212 3272 qui
236 3187 325 3253 locus
347 3187 643 3274 interpolationibus
672 3187 767 3254 variis
797 3188 927 3268 eminet,
956 3207 1030 3252 nam
1059 3207 1121 3252 non
1149 3184 1251 3251 solum
1279 3206 1307 3251 v.
1335 3187 1399 3250 240

160 3295 233 3370 τοὺς
248 3295 283 3360 δὲ
298 3296 464 3370 πλείστους
479 3296 594 3375 λόγους
609 3299 702 3360 εἶπεν
717 3295 980 3375 αὐτοσχεδιάσας,
1003 3293 1038 3358 εὖ
1053 3295 1134 3380 πρὸς
1150 3293 1228 3358 αὐτὸ
1249 3294 1400 3375 πεφυκώς

159 3423 230 3470 cum
254 3402 350 3489 paulo
375 3403 564 3470 antedictis
589 3407 632 3490 (v.
660 3405 852 3488 233-236)
877 3407 1033 3489 pugnant,
1058 3401 1233 3470 sedetiam
1257 3422 1307 3466 vv.
1334 3403 1392 3464 24]

160 3515 270 3578 -243
294 3515 419 3598 πρῶτος
436 3552 477 3582 -,-
494 3512 642 3587 Διώνδας
665 3511 747 3578 artus
770 3513 899 3596 originis
923 3516 997 3578 sunt
1020 3515 1115 3598 arque
1139 3532 1189 3576 vv.
1211 3497 1398 3576 roo-rm.

157 3619 220 3686 Hic
248 3620 400 3700 subsisto,
430 3641 469 3686 ne
498 3619 583 3686 ultra
611 3618 846 3707 probabilitatis
875 3621 952 3686 fines
976 3621 1086 3702 vagari
1109 3618 1245 3701 videar3.
1261 3618 1316 3684 sed
1339 3619 1400 3684 nisi

159 3729 346 3794 coniecturis
375 3749 445 3794 eam
474 3749 569 3813 quam
597 3727 636 3794 A.
666 3727 815 3794 Sohaefer
823 3730 849 3813 ⁴)
879 3727 1053 3794 delineavit
1079 3727 1246 3792 historiam
1275 3727 1399 3812 assequi

158 3857 215 3903 nos
238 3858 302 3904 nou
326 3857 418 3923 posse
442 3837 474 3903 in
498 3841 608 3923 aperto
632 3841 690 3904 est.

214 3921 223 3939 ⁸
250 3945 386 4011 Transeo
403 3965 484 4011 nunc
500 3945 540 4010 ad
557 3948 638 4011 veri
653 3943 855 4011 Plutarchi
871 3944 956 4011 uitae
972 3943 1231 4028 compositionem
1247 3961 1303 4027 pro
1320 3941 1399 4006 meis

237 4143 255 4212 ¹)
276 4149 309 4200 cf.
335 4147 460 4199 Isocratis
485 4147 567 4198 vitam
592 4147 700 4200 PsPlut.
726 4146 793 4211 249,
819 4147 853 4198 64
878 4162 938 4198 oum
963 4143 1030 4208 247,
1059 4144 1074 4194 7
1100 4146 1128 4195 et
1152 4143 1218 4207 249,
1247 4141 1280 4196 56
1307 4139 1397 4206 (Phot.

159 4237 211 4291 rar
227 4247 240 4276 a
259 4237 302 4301 39,
322 4237 372 4302 ro;
391 4237 473 4290 reeb
494 4233 547 4301 11).

232 4323 348 4392 ²)Dem.
369 4343 394 4380 u.
415 4343 435 4380 s.
456 4328 484 4378 Ζ.
523 4327 570 4378 Ill.
590 4327 706 4395 Beilage.
745 4328 779 4392 ΙΙ,
799 4343 825 4394 p.
846 4325 889 4379 52.

231 4413 253 4482 ³)
274 4417 364 4472 Aliam
382 4418 514 4470 rationem
534 4420 686 4485 sequuntur
706 4417 796 4472 Photii
815 4417 895 4471 verba
913 4414 966 4470 492
982 4424 995 4454 ⁸
1014 4414 1058 4480 27,
1077 4415 1159 4472 aliam
1178 4413 1191 4450 ¹³
1208 4412 1321 4472 18-20.

231 4503 253 4573 ⁴)
274 4506 373 4561 Oomm.
392 4523 420 4575 p.
440 4507 483 4574 37,
503 4506 546 4560 38.
