3314 5124
745 367 1024 478 ..cu-t

236 571 351 642 pompe
368 553 414 640 (4,
434 553 501 639 13),
526 549 689 619 Demetrio
706 550 860 618 Phalereo
878 553 940 638 (9),
964 549 1176 618 Eratosthene
1192 551 1239 639 (9,
1257 551 1325 638 30),
1348 549 1477 620 comicis

236 665 338 750 poetis
358 665 430 750 (9),
458 660 609 728 Aristone
633 657 695 728 Ceo
720 663 794 748 (10,
825 663 898 746 30),
929 659 1109 748 Phylarcho
1134 661 1223 748 (27),
1248 659 1364 746 Satyro
1389 663 1476 746 (29),
1544 738 1546 744 ,

236 769 433 838 Demochare
458 772 532 856 (30)
556 769 658 852 611661,
683 769 748 835 iam
771 772 804 836 in
827 769 913 836 fonte
936 788 992 836 suc
1015 769 1170 836 invenisse
1194 769 1273 835 mihi
1293 787 1478 855 persuasum

237 883 299 962 est3
325 879 363 946 de
387 872 518 965 reliquis
541 875 694 944 eiusmodi
717 876 795 944 locis
819 881 887 943 tam
911 875 1101 944 confidenter
1124 876 1261 944 iudicare
1285 897 1347 944 non
1365 877 1476 955 audeo.

236 986 421 1074 Hermippo,
440 1007 634 1074 quamquam
649 1005 712 1052 non
723 984 939 1069 exiguahuius
950 984 1113 1052 relationis
1125 1005 1199 1072 pars
1211 983 1352 1068 debetur,
1369 988 1478 1052 tamen

235 1117 317 1183 quae
345 1094 470 1178 singula
499 1098 624 1182 praeter
651 1092 737 1162 locos
765 1113 862 1182 supra
887 1098 1015 1162 notatos
1043 1091 1084 1160 ad
1113 1115 1184 1162 eum
1212 1092 1376 1162 referenda
1400 1094 1476 1177 sint,

237 1203 365 1272 difficile
390 1203 476 1270 dictu
499 1207 562 1285 est3
591 1204 737 1270 certain
765 1196 837 1270 cb
866 1203 946 1270 nihil
974 1204 1036 1270 nisi
1063 1223 1118 1270 666
1146 1219 1227 1289 quae
1257 1203 1382 1268 nomine
1410 1203 1478 1268 6166
1547 1201 1550 1210 ’

235 1311 345 1378 addito
368 1313 481 1387 insunt
507 1312 641 1377 notitiae
669 1310 710 1378 ad
737 1310 947 1398 Hermippum
973 1311 1075 1378 redire
1104 1309 1242 1392 videtum
1271 1331 1328 1397 per
1355 1295 1424 1397 o‘pp.
1457 1313 1475 1374 7

238 1423 271 1486 et
288 1422 307 1486 8
332 1421 468 1504 vestigia
491 1420 557 1486 eius
581 1424 690 1507 aperte
705 1419 861 1486 emicant?
892 1419 929 1486 ln
945 1423 1087 1486 extrema
1102 1420 1188 1486 61166
1204 1422 1295 1505 parte
1312 1419 1478 1506 (as-31)

108 1555 110 1560 ·
238 1526 386 1594 Gebhard
410 1550 441 1615 p.
467 1531 510 1594 34
525 1526 658 1595 11666616
682 1532 809 1595 6661666
833 1526 935 1615 (Hier.
960 1547 990 1594 6.
1007 1526 1127 1604 Kardia
1151 1529 1253 1614 1876)
1270 1525 1480 1594 Philochorea

238 1639 280 1723 (c.
307 1639 348 1703 28
373 1640 407 1702 et
430 1639 469 1702 31
497 1635 536 1702 de
559 1633 716 1722 Demade)
740 1657 796 1723 per
818 1635 1027 1724 Hermippum
1057 1635 1097 1702 ad
1120 1633 1326 1703 Plutarchum
1354 1636 1479 1702 6661666

238 1746 360 1812 statuit.
413 1743 477 1812 Res
504 1749 577 1810 utut
604 1748 668 1826 est,
698 1747 807 1811 auctor
833 1741 996 1812 Plutarchi
1026 1747 1110 1812 certe
1138 1743 1293 1810 Demetrii
1320 1741 1479 1828 Magnetis

193 1837 195 1840 ’
238 1857 345 1920 661616
369 1853 496 1920 16166166
519 1852 615 1919 161666
639 1850 866 1919 existimandus
888 1856 939 1919 661
962 1855 1003 1938 (6.
1029 1854 1088 1934 283
1118 1853 1177 1938 30)
1188 1852 1222 1938 ¹).
1270 1851 1323 1918 Ad
1345 1849 1479 1918 eandem

150 2043 154 2052 ι
239 1957 429 2029 sententiam
454 1981 479 2028 6.
506 1963 547 2026 15
572 1961 723 2044 ducimur,
747 1959 832 2047 quod
854 1982 918 2026 una
939 1980 1010 2028 cum
1032 1960 1165 2047 reliquis
1185 1961 1298 2047 prioris
1313 1959 1479 2027 relationis

238 2070 382 2156 partibus
404 2069 446 2136 ad
469 2091 565 2136 unum
588 2069 783 2156 eundemque
807 2073 967 2136 auctorem
989 2066 1187 2136 referendum
1210 2089 1278 2136 6666
1301 2069 1380 2135 mihi
1405 2088 1479 2136 con-

238 2181 314 2260 stat,
339 2179 393 2265 qui
417 2177 610 2244 orationibus
633 2197 696 2250 non
719 2175 828 2243 solum¹
845 2180 881 2242 ut
901 2179 1001 2244 vitem
1017 2197 1181 2264 moresque
1197 2168 1397 2264 perspiceret,
1421 2175 1479 2243 sed

238 2288 336 2352 etiam
360 2285 400 2352 ad
424 2287 702 2369 grammaticorum
726 2285 947 2373 rhetorumque
971 2287 1110 2352 rationes
1133 2305 1241 2353 curam
1256 2285 1421 2373 impendit,
1446 2285 1479 2351 id

237 2394 322 2482 quod
345 2414 372 2461 6.
393 2397 432 2460 15
458 2394 562 2461 verbis
583 2396 661 2462 satis
682 2394 884 2461 manifestum
901 2397 959 2475 est,
984 2413 1116 2481 quorum
1132 2396 1272 2460 maxima
1287 2399 1362 2481 pars
1377 2398 1480 2458 πίνα-

237 2527 290 2579 ιιος
313 2503 447 2569 formam
470 2501 601 2570 redolet.
649 2501 821 2569 Auctorem
843 2501 935 2568 huius
961 2503 1075 2588 capitis
1105 2503 1159 2589 (61.
1189 2522 1215 2569 ο.
1242 2503 1299 2587 24)
1324 2501 1480 2568 Demetrii

238 2610 395 2696 Magnetis
419 2615 525 2678 aetate
551 2612 730 2678 inferiorem
758 2610 854 2678 161666
883 2609 997 2696 116661,
1027 2630 1097 2677 cum
1120 2608 1326 2677 Plutarchum
1355 2609 1481 2693 singula

240 2740 383 2807 6666666
407 2739 424 2784 6
448 2719 545 2785 variis
569 2717 707 2785 fontibus
731 2719 922 2800 congessisse
938 2715 1087 2784 Gebhard
1111 2720 1155 2804 (p.
1176 2719 1233 2802 35)
1257 2737 1379 2806 666666
1395 2721 1481 2784 66616

239 2829 413 2913 negaverit.
462 2825 550 2905 Quod
580 2847 652 2892 6666
681 2831 752 2908 βίον
775 2827 917 2892 extitisse
941 2830 1061 2908 statuo,
1091 2828 1144 2913 661
1168 2847 1230 2892 666
1253 2826 1356 2893 solum
1379 2827 1480 2892 vitam

239 2937 410 3018 enarravit,
435 2935 490 3002 sed
515 2935 612 3000 etiarn
634 2933 891 3016 decretoribus
916 2954 1023 3000 earum
1039 2935 1234 3020 temporibus
1250 2931 1383 3020 aliisque
1399 2935 1481 3000 eius-

239 3047 324 3112 modi
348 3045 532 3132 disputavit,
557 3062 680 3125 moneo,
704 3029 893 3129 Dionysium
909 3039 984 3108 Hal.
1003 3040 1241 3109 celeberrimum
1257 3042 1348 3109 illurn
1363 3042 1481 3110 Demo-

240 3155 453 3222 sthenicarum
477 3154 653 3218 orationum
676 3151 811 3218 indicem
835 3153 883 3237 (in
906 3171 955 3237 ep,
981 3150 1022 3216 ad
1042 3149 1147 3218 Amm.
1174 3153 1210 3238 4)
1234 3150 1478 3237 biographorum

240 3264 353 3331 studiis
380 3283 414 3329 se
442 3261 555 3328 debere
584 3261 687 3346 ipsum
716 3261 870 3326 confiteri:
906 3279 932 3326 c.
960 3263 996 3327 31
1030 3259 1152 3347 ἀνάγκη
1179 3261 1211 3325 d'
1238 3263 1311 3335 ἴσως
1340 3262 1481 3344 πρῶτον,

239 3370 299 3437 ὅσοι
322 3371 510 3458 παρέλαβον
532 3370 565 3432 ἐκ
589 3371 650 3432 τῶν
673 3370 787 3432 κοινῶν
809 3367 968 3454 ἱστοριῶν,
995 3367 1035 3444 ἃς
1056 3369 1230 3434 κανέλιπον
1252 3368 1326 3454 ἡμῖν
1350 3365 1380 3433 οἱ
1408 3365 1482 3441 τοὺς

241 3486 328 3563 βίους
363 3483 425 3544 τῶν
459 3475 586 3561 ἀνδρῶν
613 3478 670 3563 (66.
699 3475 923 3544 Demosthenis
951 3481 984 3543 61
1011 3475 1210 3563 Α6161616116)
1238 3473 1506 3558 συνταξάμενοι,

242 3601 421 3674 προειπεῖν.
468 3605 495 3652 6.
520 3588 556 3650 4:
596 3583 627 3648 οἳ
650 3585 722 3661 τοὺς
750 3585 928 3672 ῥητορικοὺς
955 3591 1095 3662 πίνακας
1122 3585 1330 3662 συντάξαντος
1359 3583 1412 3670 (cl.
1440 3582 1478 3650 16

242 3699 274 3765 61
299 3696 357 3762 dic.
382 3694 474 3760 Deru.
500 3713 525 3762 c.
550 3694 619 3779 53).
664 3691 750 3771 Quae
774 3694 872 3760 verba
895 3694 1105 3761 consideranti
1127 3694 1205 3760 mihi
1229 3713 1309 3780 6666
1330 3689 1479 3758 Gebhard

242 3809 288 3892 (p,
314 3805 372 3890 36)
397 3803 435 3869 16
456 3801 593 3869 Caecilio
609 3799 773 3868 Plutarchi
796 3805 924 3868 auctore
947 3803 1070 3884 statuit,
1088 3803 1156 3868 nisi
1179 3800 1364 3867 certioribus
1388 3819 1480 3884 argu-

241 3914 357 3980 mentis
381 3909 597 3992 stabilientur,
626 3929 688 3975 666
712 3907 878 3995 explorata
901 3908 1055 3975 videntur.
1104 3907 1149 3973 Eo
1174 3905 1285 3989 igitur,
1314 3912 1351 3973 ut
1379 3907 1479 3974 denuo

241 4041 402 4103 moneam,
432 4021 590 4086 sententia
612 4039 684 4084 mea
706 4019 786 4098 exit,
816 4020 852 4082 ut
874 4018 971 4102 priori
993 4014 1204 4082 Plutarcheae
1226 4014 1374 4082 relationi
1404 4017 1480 4082 6661-

241 4134 364 4216 ptorem
388 4127 542 4196 Demetrii
567 4125 724 4210 Magnetis
752 4126 857 4190 aetate
885 4123 1066 4188 inferiorem
1094 4122 1222 4190 subesse
1250 4143 1411 4207 conseam3
1440 4123 1480 4190 de

242 4239 328 4304 cuius
352 4238 477 4304 nomine
500 4235 583 4322 quod
607 4233 688 4301 nihil
710 4233 776 4300 erui
799 4234 906 4317 potest
929 4228 1098 4298 dolendum
1121 4237 1179 4300 est.

204 4397 210 4406 .
331 4344 380 4411 De
409 4344 512 4410 altera
539 4342 708 4426 relatione,
744 4361 839 4428 quarn
866 4359 928 4426 quo
956 4337 1049 4405 modo
1076 4338 1267 4408 Plutarchus
1299 4342 1395 4429 priori
1430 4339 1481 4408 illi

241 4501 456 4513 ....-..-—·-·--

317 4581 336 4656 ¹)
356 4585 395 4639 De
408 4582 543 4668 Roesigeri
563 4595 650 4635 errore
663 4580 743 4635 rerba
756 4580 842 4634 tacere
853 4579 907 4633 iarn
919 4592 974 4634 nou
987 4592 1055 4646 opus
1068 4581 1118 4644 est,
1137 4577 1171 4632 61.
1186 4576 1281 4644 Gebh,
1300 4595 1326 4652 ρ.
1340 4577 1367 4644 4,
1388 4578 1414 4654 5,
1436 4577 1479 4634 12.
