3314 5124
667 382 886 448 -3'1-

150 580 280 625 numero
305 561 482 626 orationum
505 580 674 647 earumque
701 581 843 628 sermone
867 568 956 646 agat,
986 564 1097 631 deinde
1121 587 1222 652 pauca
1244 587 1291 649 ea,
1316 590 1396 656 quae

149 667 187 734 de
204 668 286 734 Isaei
312 670 380 734 vita
402 669 533 756 reperiri
555 673 713 754 poterant,
738 670 820 738 nude
844 672 1098 758 comprehendat.
1139 675 1175 740 In
1197 676 1257 742 hac
1273 698 1395 764 quoque

149 777 217 844 vita
240 776 325 864 apud
340 775 683 844 Pseudo-Plutarchum
706 799 854 846 numerus
870 782 1046 848 orationum
1063 783 1157 848 finem
1178 784 1264 850 facit.
1306 783 1395 862 Quod

147 884 189 950 ad
227 883 433 952 Aeschinis
472 885 572 950 vitam
607 885 738 968 attinet,
774 884 902 954 PsPlnt.
940 910 969 954 v.
1001 892 1082 974 264,
1119 892 1261 958 41-43
1301 892 1395 979 plane

11 1021 12 1028 ¹
148 994 341 1082 respondent
367 993 483 1060 Photio
507 997 573 1060 490
594 1015 611 1051 a
639 996 787 1078 39-35,
821 997 907 1063 66166
934 996 1058 1084 plenius
1086 998 1234 1066 iudicium
1258 1001 1395 1084 (ἔστιδὲ

11 1115 12 1136 i
149 1115 212 1178 τοῖς
247 1103 354 1181 λόγοις
388 1101 488 1167 αὑτοῦ
520 1101 638 1182 γλυκύς
673 1127 705 1166 rs
741 1106 889 1190 καθαρὸς
921 1105 975 1169 καὶ
1009 1107 1151 1192 εὔκρινὴς
1181 1108 1235 1171 καὶ
1266 1111 1301 1198 τῇ
1333 1112 1395 1173 τῶν

11 1217 13 1238 ’
147 1211 386 1296 ἐνθυμημάων
409 1217 568 1298 σαφηνείᾳ
591 1210 836 1296 σεμνυνόμενος)
853 1211 992 1280 eiusdem
1009 1214 1137 1297 originis
1153 1219 1248 1302 utque
1264 1216 1391 1282 brevem

11 1371 12 1390 ,
147 1317 312 1385 Plutarchi
346 1341 376 1384 v.
406 1322 449 1386 39
477 1321 670 1386 sententiam
699 1340 767 1386 esse
795 1321 828 1385 in
858 1324 1008 1408 promptu
1036 1327 1094 1388 est.
1148 1322 1195 1388 Na
1227 1323 1393 1411 archetypi

11 1411 13 1482 i
147 1425 275 1513 quidem
310 1428 447 1514 priorem
481 1429 606 1514 partem
641 1427 868 1494 additamentis
903 1430 1055 1511 caruisse,
1091 1429 1130 1496 (16
1159 1452 1221 1517 qua
1249 1453 1282 1498 re
1310 1433 1394 1498 infra
1435 1435 1440 1446 “

11 1537 12 1556 ’
147 1534 303 1617 dicemus,
340 1534 496 1603 aPhotio
526 1535 685 1618 docemur,
722 1537 776 1622 qui
804 1538 1082 1602 499641-54
1110 1537 1221 1604 eadem
1250 1539 1390 1626 praebet,

146 1663 227 1728 quae
256 1641 421 1708 simillima
444 1644 546 1710 forma
568 1643 652 1730 apud
675 1641 805 1712 PsPlnt.
835 1648 915 1730 264,
945 1650 987 1713 48
1012 1669 1058 1734 sq.
1086 1650 1161 1730 265,
1188 1650 1391 1714 51-5616-

11 1733 12 1756 ³
146 1752 323 1816 veniuntur.
367 1751 404 1816 ln
427 1751 594 1837 Lycurgi
618 1752 685 1817 vita
708 1773 871 1819 numerum
896 1755 1071 1820 orationum
1088 1761 1217 1843 atquae
1234 1757 1272 1822 de
1289 1757 1391 1824 causis

145 1858 355 1946 complurium
389 1859 562 1926 afferuntur
596 1863 678 1943 276,
716 1864 780 1927 126
809 1865 843 1926 61
872 1864 934 1928 133
963 1884 1011 1950 sq.
1041 1883 1189 1947 magnam
1225 1869 1391 1951 partame

145 1968 249 2052 priore
273 1967 439 2054 archetypi
458 1972 554 2055 parte
577 1968 703 2036 fluxisse
724 1968 803 2035 mihi
818 1991 1003 2056 persuasum
1020 1977 1077 2038 est.
1114 1971 1162 2038 De
1178 1972 1390 2059 Hyperidis

144 2077 212 2141 vita
236 2076 275 2142 cf.
301 2073 430 2142 PsPlnt.
456 2079 532 2160 314,
559 2078 691 2144 54-56
716 2081 749 2144 61
769 2076 862 2144 Phot.
888 2080 953 2145 495
975 2082 1105 2145 al-e.
1143 2080 1180 2145 In
1204 2080 1390 2148 Dinarchi

144 2184 279 2271 deniqne
308 2185 390 2265 vita,
427 2182 589 2251 Proxenea
618 2205 714 2252 causa
736 2191 983 2253 commemorata
1006 2187 1115 2275 (Dion.
1145 2187 1220 2254 Hal.
1246 2189 1284 2256 de
1315 2189 1388 2256 Diu.

143 2292 205 2358 iud.
244 2313 274 2378 p.
306 2293 372 2358 635
400 2292 455 2358 a:
491 2292 582 2370 οὗτος
609 2294 708 2378 ptri
736 2299 804 2376 βίος
833 2293 996 2380 τάνδρός),
1033 2316 1103 2362 cum
1137 2286 1252 2362 Photio
1288 2300 1390 2364 4966

143 2404 300 2468 40-b7
338 2403 558 2469 convenienter
591 2423 739 2468 numerus
774 2404 950 2468 orationum
983 2402 1178 2487 adiungitur,
1215 2404 1253 2470 (16
1277 2425 1389 2488 genere

142 2508 266 2577 dicendi
301 2508 454 2575 nonnulla
489 2509 697 2596 disputantur.
754 2507 802 2574 De
826 2508 1085 2596 Antiphontis
1115 2508 1389 2578 Pseudo-Plutar-

141 2618 220 2684 chea
256 2617 324 2683 vita
357 2616 511 2683 disserere
539 2617 572 2681 in
600 2615 746 2682 ultimum
774 2615 878 2683 locum
906 2616 1032 2700 distuli,
1068 2618 1151 2705 quod
1186 2623 1387 2704 seutentiam,

143 2748 238 2813 quam
263 2725 302 2792 de
326 2724 492 2812 archetypi
515 2722 915 2791 Pseudo-Plutarchearum
939 2746 975 2792 ac
999 2724 1226 2792 Photianarum
1251 2728 1387 2793 vitarum

142 2834 315 2901 communis
338 2834 441 2898 forma
464 2853 561 2920 supra
582 2833 742 2918 professus
765 2855 844 2914 surn,
870 2835 988 2921 optime
1012 2835 1215 2920 comprobare
1240 2835 1317 2900 mihi
1342 2835 1387 2900 vi-

141 2943 241 3010 detur.
279 2940 398 3008 Contra
422 2963 493 3007 eam
508 2941 602 3023 euim,
627 2961 721 3028 quam
739 2942 772 3006 in
787 2941 917 3028 reliquis
933 2942 1078 3008 omnibus
1096 2943 1169 3008 vitis
1186 2943 1386 3009 observatam

141 3052 293 3132 videmus,
318 3047 583 3130 consuetudinem,
607 3069 670 3114 666
694 3048 795 3116 solum
820 3050 996 3115 orationum
1020 3071 1183 3115 numerum
1207 3050 1384 3116 sedetiam

140 3160 298 3227 rhetorica
320 3157 436 3224 iudicia
459 3160 599 3223 extremo
622 3156 692 3224 loco
716 3156 914 3242 adiungendi,
939 3158 972 3223 in
988 3156 1195 3244 Antiphontis
1219 3156 1385 3224 1116066-

141 3268 289 3334 cilianum
313 3266 463 3332 iudicium
487 3264 639 3353 (Burckh.
662 3286 692 3353 p.
712 3267 770 3352 26)
795 3271 829 3332 61
844 3266 1020 3331 orationum
1035 3285 1182 3331 numerus
1207 3264 1258 3351 (B.
1276 3286 1306 3352 p.
1326 3267 1384 3352 27)
1414 3271 1416 3276 ’

140 3377 179 3442 61)
203 3374 412 3463 Antiphontis
441 3394 545 3440 rerum
574 3375 754 3440 narratione
782 3375 925 3440 seiuncta
952 3373 1162 3439 inveniuntur.
1211 3371 1300 3450 Quod
1322 3394 1384 3439 non

139 3500 213 3551 casu
242 3484 399 3564 evenisse,
436 3482 491 3549 sed
519 3482 684 3570 archetypi
712 3480 854 3549 ordinem
884 3500 904 3547 a
927 3480 1274 3548 Pseudo-Plutarcheae
1298 3483 1384 3548 vitae

138 3595 291 3680 scriptore
314 3591 432 3678 partim
456 3594 616 3658 servatum
627 3592 755 3679 partim
771 3595 927 3657 mutatum
944 3612 1012 3657 6666
1027 3589 1135 3656 Photii
1150 3591 1384 3676 comparatione

138 3703 170 3766 in
194 3699 283 3767 clara
309 3698 379 3765 luce
408 3700 544 3786 ponitur.
592 3698 681 3766 Haec
704 3701 787 3766 enim
811 3699 977 3785 archetypi
995 3698 1125 3764 ‘videtur
1148 3697 1243 3764 fuisse
1268 3699 1383 3765 forma:

138 3811 240 3896 primo
263 3806 333 3875 loco
349 3807 580 3894 Antiphontem
603 3809 740 3894 primurn
764 3805 837 3872 aliis
861 3807 1019 3872 orationes
1034 3806 1196 3891 scripsisse
1221 3804 1381 3892 (111668,

138 3919 196 4003 68)
221 3935 363 3982 666666
387 3920 488 3980 artem
512 3914 677 4002 reliquisse
694 3916 872 4000 expositum
889 3919 967 3996 erat,
992 3914 1104 3981 deinde
1128 3913 1304 3980 dedicandi
1330 3935 1382 3998 ge-

136 4046 210 4092 6666
239 4029 273 4090 61
300 4023 338 4090 (16
365 4033 493 4089 numero
522 4025 698 4089 orationum
727 4021 865 4089 Caecilio
893 4023 1049 4110 imprimis
1077 4027 1203 4088 auctore
1228 4020 1381 4108 (Burckh.

136 4134 173 4199 fr.
202 4137 232 4216 1,
258 4136 289 4215 2,
315 4131 351 4218 5)
374 4133 512 4219 penitius
536 4137 641 4198 actum
664 4137 724 4215 661,
748 4137 817 4197 tum
841 4130 965 4196 demum
989 4131 1056 4196 vita
1072 4132 1217 4196 continue
1234 4137 1383 4195 enarrata

137 4246 195 4308 est.
237 4239 324 4318 Quae
348 4239 522 4326 archetypi,
547 4239 639 4306 huius
662 4259 785 4327 quoque
809 4238 1035 4305 additamentis
1059 4241 1226 4326 praecipue
1250 4257 1288 4302 ex
1312 4258 1382 4303 ora-

136 4351 215 4416 toris
250 4369 321 4415 com
356 4349 477 4432 tragico
506 4351 601 4435 poeta
629 4350 662 4413 et
690 4346 834 4434 sophista
865 4347 1100 4432 cognominibus
1135 4347 1381 4412 commutatione

136 4461 248 4546 postea
270 4457 398 4523 insertis
414 4456 589 4543 depravati,
612 4456 713 4522 forma
729 4457 761 4521 in
777 4454 884 4521 Photii
900 4457 985 4520 vitae
1001 4457 1104 4542 priore
1122 4458 1213 4541 parte
1228 4452 1380 4519 facillimo

137 4566 347 4654 cognoscitur,
376 4585 448 4632 oum
469 4561 817 4633 Pseudo-Plutarcheae
847 4567 957 4636 auctor
980 4562 1145 4655 archetypi
1170 4560 1310 4631 ordinem
1333 4561 1381 4631 ita
