3314 5124
766 369 987 432 ..22-

259 547 462 615 Timoleontis
486 549 617 614 historia
641 549 817 613 continetur
851 546 1065 614 demonstrare
1088 547 1238 614 studeret.
1285 546 1392 633 Atque
1420 546 1504 611 mihi

258 677 380 743 quoque
404 655 640 722 fundamentum
664 654 754 736 illud,
779 675 840 741 quo
864 651 1042 721 coniectura
1062 652 1293 741 Volquardseni
1317 655 1355 720 dc
1371 653 1503 720 Timaeo

259 787 328 852 cpp.
354 767 497 846 28-40,
524 765 666 846 56-64,
692 766 734 828 78
759 767 885 828 auctore
907 763 1028 845 nititur,
1066 764 1192 830 etiamsi
1215 763 1378 829 Timaeum
1402 765 1504 828 etiam

259 872 447 940 Graecorum
464 892 513 939 res
530 871 708 938 illustrasse
725 869 939 952 concedamus,
964 873 1092 936 minime
1114 874 1181 936 tam
1202 871 1326 937 firmum
1350 870 1504 937 solidum-

259 1003 319 1068 que
342 981 476 1062 videtur,
501 984 536 1046 ut
560 978 775 1067 probabilibus
798 981 991 1063 argumentis
1015 978 1145 1046 subduci
1168 999 1230 1046 non
1253 981 1361 1066 possit.

348 1088 626 1155 Narratiunculam
653 1088 744 1154 illam
773 1087 811 1153 de
840 1087 970 1154 Thrasio
998 1087 1101 1154 milite
1131 1087 1238 1174 (Diod.
1268 1086 1358 1170 XVI,
1395 1089 1454 1173 78)
1484 1109 1503 1153 e

259 1199 380 1265 Timaei
392 1201 414 1284 ¹)
443 1198 582 1264 historiis
610 1197 735 1264 fluxisse
763 1216 856 1280 nego,
889 1199 916 1262 si
944 1196 1070 1283 quidem
1097 1195 1286 1263 Plutarchus
1313 1217 1370 1282 per
1397 1199 1503 1261 totam

259 1309 323 1374 fere
347 1306 552 1373 Timoleontis
576 1307 675 1371 vitam
699 1305 862 1372 Timaeum
885 1305 1069 1392 primarium
1093 1305 1203 1371 ducem
1226 1308 1351 1372 secutus
1374 1308 1437 1387 est,
1468 1303 1502 1371 id

259 1416 342 1503 quod
375 1436 482 1481 omnes
517 1416 715 1482 consentiunt
723 1415 759 1499 ²).
813 1411 952 1478 Primum
989 1413 1071 1478 enim
1098 1412 1303 1496 Plutarchus,
1340 1434 1432 1498 quem
1468 1414 1502 1479 in

260 1525 397 1590 fontibus
425 1525 488 1590 suis
518 1523 727 1590 exscribendis
755 1543 871 1606 magna
905 1523 1000 1588 fuisse
1035 1542 1110 1587 cura
1143 1524 1251 1605 negari
1284 1543 1347 1587 non
1382 1525 1500 1608 potest,

258 1633 429 1699 tumultum
453 1631 543 1697 illum
568 1631 841 1718 stipendiariorum
857 1631 904 1695 ita
918 1634 1028 1695 narrat
1056 1633 1096 1717 (c.
1116 1632 1173 1717 25)
1196 1636 1234 1708 ut
1259 1651 1360 1717 neque
1376 1628 1501 1696 Thrasii

259 1741 415 1824 sacrilegii
438 1739 594 1826 Delphici¹
609 1741 772 1826 participis
796 1738 895 1804 rdiam
924 1740 1020 1805 saciat
1048 1741 1239 1804 mentionem
1268 1742 1300 1804 et
1324 1737 1500 1805 Sicularum

260 1853 418 1936 copiarum
442 1870 604 1915 numerum
629 1871 648 1914 a
671 1848 808 1914 Diodoro
833 1869 958 1934 prorsus
983 1847 1140 1913 diversum
1164 1846 1282 1914 indicet
1305 1846 1358 1933 (de
1382 1868 1445 1933 qua
1467 1867 1501 1912 re

258 1960 341 2025 infra
364 1981 394 2045 p,
421 1960 480 2043 28>
504 1957 622 2024 etalio
646 1959 835 2023 narrationis
859 1957 961 2022 coloro
985 1960 1106 2022 utatur:
1143 1976 1213 2022 oum
1237 1956 1321 2022 enim
1344 1954 1502 2021 Diodorus

260 2089 325 2133 rem
350 2069 396 2132 ita
419 2070 565 2153 exponat,
590 2071 626 2132 ut
642 2065 790 2132 Thrasius
811 2086 872 2130 uon
888 2069 955 2130 tam
971 2069 1100 2150 propter
1115 2063 1352 2151 praevalentem
1369 2061 1502 2129 (lantha-

260 2176 446 2258 giniensium
469 2195 633 2239 numerum
656 2194 751 2259 quam
775 2177 903 2260 propter
926 2172 1084 2258 stipendia
1111 2173 1176 2237 iam
1205 2171 1258 2237 diu
1286 2171 1394 2237 debita
1422 2171 1502 2238 sedi-

260 2285 379 2349 tionem
403 2284 537 2350 movissc
561 2282 705 2348 videatur
729 2321 771 2330 -—
796 2283 815 2367 ξ
840 2282 874 2346 5:
916 2279 991 2345 occe
1015 2282 1087 2355 τούς
1114 2280 1339 2364 ὀφειλομένους
1366 2280 1503 2363 μισθοὺς

261 2391 384 2456 πολλοῦ
394 2387 510 2476 χρόνον
532 2391 587 2455 διὰ
612 2391 667 2476 τὴν
690 2390 832 2475 ἀπορίαν
855 2387 1081 2471 ἀποδεδωκώς,
1106 2390 1124 2474 ξ
1150 2392 1169 2454 6
1190 2387 1416 2471 συνεβούλευεν
1444 2387 1504 2454 οὖν

260 2500 482 2584 όναιιάμπτειν
498 2540 540 2548 -
557 2500 610 2563 καὶ
626 2501 698 2575 τοὺς
713 2499 852 2582 μισθοὺς
867 2494 1020 2562 ἀπαιτεῖν
1025 2527 1036 2576 ,·
1052 2499 1104 2579 79,
1125 2500 1140 2560 l
1160 2495 1291 2583 γράψας
1308 2535 1349 2544 -
1366 2495 1420 2560 καὶ
1433 2497 1504 2571 τοὺς

260 2609 398 2692 μισθους
413 2609 526 2673 δοῦναι
545 2647 585 2656 -
603 2607 792 2674 Plutarchus
808 2606 967 2689 ignauiam
982 2610 1018 2671 ut
1034 2627 1129 2671 unam
1146 2604 1309 2691 solamque
1321 2603 1502 2671 rebellionis

261 2738 388 2784 causam
417 2715 524 2800 affert,
554 2718 612 2799 25,
646 2719 668 2781 4
695 2712 989 2788 ἀποδειλιάσαντες.
1042 2712 1163 2779 Deinde
1192 2714 1412 2796 gravissimum
1442 2712 1504 2778 dis·

262 2827 379 2891 crimen
406 2824 439 2890 id
467 2823 584 2906 elucet,
613 2823 697 2910 quod
719 2822 907 2890 Plutarchus
935 2825 967 2888 in
993 2843 1018 2888 c.
1045 2824 1088 2888 30
1111 2823 1241 2888 interitu
1264 2820 1352 2887 mille
1376 2821 1503 2886 illorum

262 2935 523 3000 mercenariorum
548 2932 657 2999 eodem
682 2933 746 2998 fere
769 2931 862 2998 modo
886 2952 946 3018 quo
965 2931 1136 2997 aDiodoro
1154 2931 1227 3016 (82)
1245 2932 1386 3017 exposito
1404 2929 1502 3012 addit,

263 3045 295 3108 in
319 3063 460 3130 eaquae
484 3041 791 3126 Carthaginiensium
815 3044 884 3106 erat
907 3039 1033 3106 Siciliae
1057 3042 1148 3126 parte
1173 3038 1213 3104 ad
1236 3037 1322 3138 Ietas
1346 3038 1418 3112 τοὺς
1437 3040 1505 3120 μετ’

263 3148 419 3236 Εὐθύμου
447 3155 502 3216 rob
523 3152 705 3216 Λευκαδίου
733 3146 952 3235 μισθοφόρους
980 3147 1172 3214 aldamerci
1194 3145 1327 3212 Hicetae
1356 3143 1505 3212 Gesecnis

263 3262 360 3348 copiis
384 3261 500 3326 occisos
525 3273 601 3326 esse.
649 3257 759 3342 Pergit
783 3261 851 3322 tum
879 3257 929 3322 his
958 3257 1076 3322 verbis:
1117 3253 1199 3342 ἦσαν
1225 3255 1285 3337 μὲν
1312 3256 1373 3340 γὰρ
1401 3252 1506 3319 odron

263 3372 324 3433 τῶν
357 3369 433 3451 μετό
476 3362 657 3453 Φιλομήλου
692 3367 745 3431 καὶ
768 3363 961 3452 Ὀνομάρχου
989 3364 1139 3449 Δελφοὺς
1173 3359 1421 3446 καταλαβόντων
1454 3360 1507 3426 καὶ
1603 3415 1607 3428 .

262 3473 483 3559 μετασχόντων
509 3474 670 3550 ἐκείνοις
701 3478 762 3559 τῆς
796 3471 1021 3560 ἳεροσυλίας.
1073 3473 1200 3538 Timaeo
1235 3473 1332 3555 igitur
1367 3474 1504 3551 auctore,

262 3605 336 3650 nam
349 3583 470 3650 Timaei
485 3583 620 3668 uestigia
636 3584 836 3670 apertissima
852 3583 884 3646 in
896 3581 955 3647 hoo
965 3579 1131 3648 Plutarchi
1143 3582 1217 3667 (30)
1231 3581 1333 3666 capite
1346 3580 1505 3666 patent³),

341 3765 361 3826 ¹)
380 3769 438 3824 Hoc
457 3784 543 3823 unum
562 3769 660 3838 agitur,
681 3769 772 3821 utrum
789 3766 914 3820 Timacus
934 3767 1029 3822 auctor
1048 3782 1064 3819 a
1083 3763 1246 3826 Diodoroiu
1267 3780 1288 3817 o.
1310 3763 1344 3817 78
1365 3762 1506 3817 adhibitus

267 3860 304 3913 sit
323 3873 414 3914 necno.
453 3860 473 3913 E
493 3860 580 3914 verbis
600 3859 665 3928 ipsis
684 3858 806 3926 καθάπερ
825 3859 909 3929 μικρῷ
929 3857 1057 3926 πρότερον
1076 3857 1265 3925 ἀνεγράψαμεν
1284 3854 1354 3907 nihil
1377 3851 1410 3905 de
1437 3854 1507 3907 sacri

268 3951 333 4004 belli
353 3952 461 4004 auctore
482 3948 664 4018 colligendum
683 3961 739 4001 osso
760 3949 818 4001 lucc
838 3947 936 4002 elarius
957 3949 1005 3999 est.

338 4035 358 4106 ¹)
379 4038 504 4106 Amoldt‚
523 4040 573 4093 Dio
587 4040 700 4105 Quellen
714 4053 746 4091 au
760 4037 912 4090 Timoleons
926 4036 1024 4101 beben,
1045 4034 1212 4089 Gumbinner
1224 4035 1389 4103 Programm.
1426 4033 1504 4088 1848.

264 4145 290 4198 p.
313 4129 355 4196 19,
375 4129 419 4185 20.

337 4221 427 4290 Hang,
453 4220 502 4274 Die
523 4220 635 4285 Quellen
655 4220 798 4272 Plutarcho
818 4218 846 4272 in
866 4217 919 4272 den
938 4216 1274 4287 Lebeusbesohreibungen
1295 4215 1343 4268 der
1362 4214 1506 4269 Griechen.

265 4311 333 4366 rob.
357 4310 434 4376 1854,
453 4327 480 4378 p.
501 4309 543 4364 64.

338 4401 526 4470 volquardsen
545 4417 572 4469 p.
593 4400 636 4455 96.

339 4492 420 4545 Holm
438 4491 473 4558 11,
492 4509 517 4561 p.
540 4491 601 4546 377.

339 4579 361 4657 ³)
381 4583 461 4638 Holnr
480 4599 505 4658 p.
527 4581 588 4644 377.
