3314 5124
773 359 992 422 ..ηη-

262 539 406 622 Philisti3
430 539 521 620 XIII,
547 541 599 621 54,
621 545 654 621 53
684 541 737 620 60,
759 547 791 621 53
817 541 870 620 80,
887 545 920 620 5;
945 537 1029 618 XIV,
1056 540 1143 620 54‚e
1168 538 1288 605 Timaei
1312 544 1345 604 et
1368 539 1501 624 Ephori3

263 647 356 729 XIII,
388 651 467 730 109,
497 646 657 713 2TImaei
686 651 719 713 et
743 649 849 728 aaaron,
879 645 955 727 XX,
985 649 1027 712 89
1052 645 1172 712 Timaei
1200 651 1234 713 et
1256 648 1355 711 ἐνίων.
1394 647 1431 712 ln
1454 651 1503 712 tot

263 757 423 844 tantisque
448 756 666 843 discrepantiis
682 753 912 842 Volquardseni
936 754 1104 842 explicatIo
1129 757 1214 820 omni
1237 754 1329 820 modo
1345 755 1503 821 reicienda

263 865 341 930 mihi
365 865 503 946 videtur3
528 863 625 930 alium
649 863 832 929 historicum
857 885 876 927 a
900 861 1037 929 Diodoro
1061 863 1238 929 adhibitum
1262 884 1330 929 esse
1354 865 1418 928 iam
1442 883 1503 928 non

263 975 373 1057 negari
407 977 514 1060 potest
548 977 644 1058 atque
680 971 721 1037 ad
749 969 871 1036 Holmii
900 973 1109 1036 coniecturam
1138 970 1229 1035 illam
1258 971 1503 1037 confirmandam

264 1080 417 1148 nonnulla
440 1080 505 1146 alia
528 1100 650 1167 quoque
674 1083 861 1163 argumenta
884 1078 976 1144 facile
1001 1083 1166 1165 apparent.

356 1189 404 1256 De
422 1188 629 1255 Timoleontis
649 1187 755 1271 legum
780 1188 906 1254 datione
935 1187 1054 1253 duobus
1082 1186 1160 1253 locis
1189 1187 1363 1253 aDiodoro
1392 1189 1505 1274 exponi

265 1304 360 1385 atque
389 1301 436 1365 ita
464 1303 500 1363 ut
527 1297 590 1363 allo
614 1297 712 1362 alium
736 1301 896 1364 auctorem
919 1297 1109 1382 exscriptum
1134 1315 1202 1362 esse
1225 1297 1428 1361 manifestum
1452 1297 1504 1377 sit,

264 1405 428 1473 Holmium
451 1427 574 1494 quoque
597 1407 714 1489 fugisse
738 1405 871 1471 videtur.
919 1404 1001 1470 Sunt
1023 1407 1105 1469 enim
1129 1403 1163 1469 hi
1187 1403 1246 1469 duo
1270 1403 1346 1470 loci:

355 1535 381 1581 ο.
400 1518 453 1596 70,
471 1522 488 1579 5
511 1514 612 1589 εὐθὺς
635 1514 670 1578 δὲ
692 1514 745 1577 καί
767 1525 983 1599 νομογραφεῖν
1006 1512 1121 1598 ἤρξατο
1146 1513 1246 1586 τιθείς
1261 1512 1506 1598 δημοκρατικοὺς

265 1621 380 1706 νόμους
412 1623 466 1686 καὶ
500 1624 540 1686 τοὶ
575 1623 649 1708 περὶ
678 1626 739 1686 τῶν
766 1623 929 1686 ἰδιωτικῶν
957 1622 1158 1704 συμβολαίων
1186 1621 1293 1684 δίκαια
1321 1621 1374 1684 καί
1402 1619 1505 1686 τᾶλλα

264 1731 398 1816 ἀκριβῶς
421 1731 544 1806 διέταξε
567 1731 632 1795 κτλ.
1030 1795 1032 1799 ,

354 1859 380 1905 c.
407 1840 459 1920 82,
484 1845 516 1903 6:
552 1836 654 1914 εῶθύς
687 1838 722 1902 δὲ
748 1837 801 1901 καί
829 1838 901 1912 τούς
928 1834 1199 1924 προῶπάρχοντας
1232 1835 1346 1920 νόμους
1373 1837 1409 1902 ἐν
1438 1849 1506 1912 ταῖς

264 1946 479 2034 Συρακούσαις
505 1944 559 2021 οὓς
581 1951 783 2032 συνέγραψεν
805 1945 940 2031 Διοκλῆς
963 1943 1135 2031 διώρθωσε.
1181 1945 1235 2008 καί
1258 1945 1330 2020 τοὺς
1351 1946 1411 2029 μὲν
1434 1947 1508 2032 περὶ

266 2058 328 2120 τῶν
355 2056 520 2119 ἰδιωτικῶν
546 2055 748 2137 συμβολαίων
770 2051 789 2138 ἢ
813 2053 1026 2139 κληρονομιῶν
1053 2055 1159 2116 εἴασεν
1181 2054 1411 2136 ἀμεταθέτους,
1436 2053 1507 2128 τούς

265 2163 300 2227 δὲ
329 2163 403 2250 περὶ
426 2166 488 2226 τῶν
511 2163 667 2248 δημοσίων
694 2165 1004 2252 νενομοθετημένους
1031 2161 1112 2246 πρὸς
1140 2163 1195 2247 τὴν
1222 2162 1309 2225 totae
1331 2160 1508 2226 ὑπόστασιν

265 2266 306 2345 ῶς
329 2273 404 2335 ποτ’
427 2267 526 2334 ἐδόκει
550 2249 721 2356 συμφέρειν
744 2267 937 2355 διώρθωσεν.
973 2267 1140 2353 ἐπιστάτης
1160 2270 1191 2334 δ’
1207 2268 1246 2355 ἢν
1261 2270 1315 2332 καί
1330 2270 1508 2356 διορθωτὴς

267 2382 319 2466 τῆς
342 2384 536 2462 νομοθεσίας
558 2379 707 2464 Κέφαλος
728 2378 746 2443 ὃ
770 2383 951 2465 Κορίνθιος.

357 2487 597 2575 Discrepantiae
621 2489 701 2554 satis
725 2489 906 2575 perspicuae
931 2492 1019 2554 sunt:
1056 2486 1120 2554 alic
1142 2486 1211 2554 loco
1228 2487 1390 2554 Timoleon
1415 2511 1508 2570 νομο-

269 2602 365 2682 ιείίης
388 2597 451 2663 alio
475 2598 652 2684 διορυωτης
676 2601 741 2679 est;
766 2597 849 2662 idem
873 2598 927 2683 qui
951 2617 976 2662 c.
1003 2599 1091 2678 loe
1115 2599 1273 2683 privatum
1297 2597 1345 2664 ius
1362 2601 1507 2664 accurate

265 2705 468 2792 descripsisse
492 2705 606 2771 dicitur
628 2725 653 2770 c.
672 2707 725 2785 82,
743 2711 770 2785 6,
795 2704 879 2791 quod
902 2705 942 2770 ad
965 2705 999 2770 id
1019 2706 1170 2790 temporiS
1186 2705 1351 2791 Syracusis
1369 2706 1506 2790 vigebat,

265 2814 420 2879 intactum
443 2813 662 2898 integrumque
686 2812 823 2899 reliquit,
849 2811 1009 2898 publicum
1033 2815 1081 2879 ius
1105 2834 1173 2878 cum
1197 2812 1336 2899 Cephalo
1361 2816 1504 2880 correxit.

265 2920 333 2987 Aut
360 2921 458 3004 igitur
481 2920 612 2987 Diodori
638 2942 717 2987 unus
742 2924 850 2986 auctor
873 2920 911 2986 de
936 2922 1045 3011 callem
1069 2943 1102 2987 re
1126 2922 1248 2988 diverso
1273 2921 1364 2987 modo
1389 2922 1507 2988 duobus

265 3029 344 3096 locis
367 3029 512 3115 exposuit
535 3034 590 3094 aut
614 3029 677 3094 alio
698 3029 767 3095 loco
783 3029 880 3095 aliurn
897 3029 1042 3097 adhibuit
1058 3035 1217 3096 auctorem
1233 3030 1399 3112 Diodorus,
1424 3031 1507 3116 quod

268 3138 346 3204 mihi
375 3138 501 3225 quidem
529 3142 694 3225 procerte
719 3142 768 3204 est
779 3140 812 3224 ¹).
861 3139 932 3204 Duo
956 3141 1058 3205 fontes
1082 3141 1225 3205 extitisse
1249 3139 1325 3203 mihi
1351 3139 1505 3221 videntur,

267 3267 399 3333 quorum
412 3247 495 3313 alter
507 3246 712 3314 Timoleontis
725 3247 831 3331 legum
853 3248 1013 3314 dationem
1037 3249 1117 3314 arcis
1141 3249 1336 3334 occupationi
1361 3249 1506 3314 continuo

267 3357 409 3445 annexit,
440 3355 523 3421 alter
545 3378 608 3422 una
631 3378 701 3423 cum
725 3356 855 3444 reliquis
879 3356 1085 3424 Timoleontis
1109 3356 1248 3424 consiliis
1271 3355 1506 3441 rationibusque

266 3464 307 3530 ad
335 3464 462 3530 Siciliae
487 3485 562 3552 opes
584 3465 797 3532 restituendas
820 3465 1049 3552 pertinentibus
1073 3465 1253 3551 explicavit,
1279 3467 1328 3530 cui
1343 3463 1507 3531 Plutarchi

266 3572 379 3640 relatio
404 3577 444 3660 (c.
464 3576 557 3661 24)²)
581 3574 746 3641 simillima
769 3578 830 3675 est,
853 3575 905 3660 qui
930 3594 1122 3660 quamquam
1139 3579 1212 3640 ante
1229 3595 1366 3660 pugnam
1383 3573 1423 3638 ad
1440 3571 1507 3638 Ori·

267 3682 381 3747 misum
411 3683 610 3749 commissam
639 3683 677 3749 de
701 3681 907 3749 Timoleontis
936 3703 1010 3748 cura
1036 3681 1160 3766 legibus
1183 3682 1389 3768 Syracusanis
1413 3682 1507 3747 corri-

267 3789 375 3874 gendis
403 3790 546 3877 impensa
573 3793 670 3857 refert
702 3795 810 3856 tamon
838 3792 868 3856 in
898 3809 935 3856 eo
964 3810 1034 3858 cum
1057 3790 1195 3856 Diodoro
1224 3791 1394 3871 consentit,
1425 3788 1507 3875 quod

343 4116 362 4184 ¹)
382 4119 490 4174 Diodori
521 4120 625 4172 levitati
654 4117 764 4172 eandem
794 4133 849 4169 rem
877 4118 919 4170 bis
948 4119 1181 4170 commemoratam
1210 4117 1344 4184 imputare
1372 4131 1441 4185 quae
1474 4117 1506 4168 da

268 4210 492 4277 Amphipoloruni
519 4226 628 4266 munere
653 4211 681 4264 in
706 4226 727 4264 e.
753 4209 788 4263 70
814 4211 942 4277 leguntur
966 4206 1073 4261 omnino
1099 4210 1199 4262 vetant.
1238 4207 1363 4260 Extrema
1386 4208 1506 4260 eiusdem

269 4301 365 4368 capitis
390 4301 471 4356 verba
495 4302 612 4356 eSiouli
636 4301 744 4370 iugenio
769 4301 876 4354 fluxisse
902 4313 955 4351 non
979 4298 1068 4350 minus
1094 4301 1200 4358 constat
1219 4313 1300 4367 quam
1321 4298 1352 4352 do
1373 4299 1506 4365 Agyrrhlo

268 4390 367 4458 oppido
386 4393 428 4444 ter
446 4407 462 4444 a
481 4391 598 4444 oloooro
617 4392 729 4445 laudato
749 4390 804 4457 (82,
824 4392 851 4455 4,
870 4392 900 4455 53
922 4387 965 4452 83,
985 4386 1021 4452 3).

342 4477 364 4545 ¹)
383 4482 426 4534 καὶ
444 4487 497 4543 τοῖς
518 4481 622 4552 ἥκουσιν
635 4485 665 4536 ἐκ
679 4479 811 4552 Ιίομίνβοο
825 4481 981 4548 νομοθέταις
994 4477 1113 4554 Κεφάλῳ
1124 4481 1167 4534 καί
1180 4479 1303 4552 Διονυσίῳ
1316 4478 1348 4532 τὰ
1360 4480 1508 4550 κυριώτατα

268 4571 310 4626 καλ
328 4571 451 4626 κάλλιστα
469 4573 655 4644 συνδιαθήσων.
1210 4597 1213 4604 ⁴

522 4896 714 5080 Γ
