3314 5124
743 342 964 408 ..1st-

233 522 377 588 omnibus
398 521 510 604 adhuc,
534 521 638 608 quoad
654 522 762 602 sciam,
787 521 911 587 omnino
927 521 1107 603 neglectum
1123 525 1180 586 est.
1220 519 1376 586 Diodorus
1393 519 1478 600 enim

233 628 437 716 ἀναθήματα
460 651 555 696 aurea
578 652 598 695 a
620 627 757 714 Phayllo
781 649 928 715 percussa
951 648 1012 715 quo
1035 629 1160 715 proprio
1189 627 1325 714 pondere
1354 647 1479 714 quoque

236 739 336 823 pretio
359 737 400 802 ad
424 738 545 821 argenti
569 739 724 803 rationem
749 738 865 802 fuerint
888 735 1010 823 plenius
1036 737 1181 822 exponit„
1220 728 1327 820 Atque
1355 736 1479 821 pondus

235 865 342 910 eorum
367 849 432 912 282
458 845 614 911 talentum
637 845 733 910 fuisse
757 844 817 910 hac
839 845 961 910 ratione
986 843 1134 910 efficitur:

345 958 409 1020 120
434 955 572 1020 πλίνθοι
595 954 778 1018 διτάλαντοι
842 998 1244 1017 ........
1294 953 1359 1015 240
1383 949 1442 1016 tl.

345 1065 411 1128 360
435 1064 552 1146 φιάλαι
576 1063 715 1145 διμναῖα
733 1107 1245 1126 ..........
1317 1062 1358 1123 12
1403 1107 1417 1138 „
1549 1051 1555 1060 ⁸

345 1169 397 1236 leo
421 1191 533 1236 aureus
556 1174 589 1235 ot
612 1170 742 1234 femina:
769 1174 934 1255 τρίακοντα
955 1169 1121 1232 ταλάντων
1136 1170 1251 1254 χρυσοῦ

345 1280 494 1361 σταθμὸν
516 1279 661 1357 ἀγόντων
685 1280 746 1341 τῶν
769 1277 902 1341 πάντων
953 1323 1243 1340 ......
1314 1277 1358 1340 30
1401 1324 1415 1354 „

1291 1387 1356 1451 282
1381 1384 1438 1449 tal.
1452 1387 1476 1470 ¹)

326 1491 433 1558 Pretio
462 1499 568 1559 autem
600 1497 733 1579 quatuor
767 1493 895 1560 milibus
929 1494 1088 1577 argenteis
1122 1493 1254 1560 talentis
1290 1499 1475 1580 aequantur.

237 1599 358 1680 Deinde
386 1600 609 1684 ἀναθημάτων
637 1604 856 1682 argenteorum
885 1622 904 1665 a
931 1599 1075 1683 ducibus,
1111 1603 1165 1688 qui
1193 1601 1319 1689 quidem
1354 1602 1394 1667 iis
1430 1603 1477 1666 usi

240 1711 345 1772 essent
369 1747 410 1754 -
435 1706 514 1772 nihil
537 1706 623 1773 aliud
646 1707 743 1772 verba
768 1708 838 1782 τοὺς
861 1708 989 1782 πάντας
1013 1711 1204 1795 στρατηγοὺς
1232 1708 1410 1792 significant
1434 1749 1475 1756 —

239 1819 491 1899 consumptorum
520 1815 655 1900 pretium
684 1813 768 1910 plus
784 1836 838 1880 sex
867 1816 956 1880 milia
987 1815 1145 1882 talentum
1180 1818 1275 1884 fuisse
1310 1816 1475 1897 indicatur.

240 1919 355 1998 Quodsi
385 1921 425 1987 ad
452 1927 627 1989 extremum
655 1923 813 2006 argenteis
844 1925 1007 2011 aureisque
1033 1924 1253 2012 ,crasmaro
1287 1926 1477 2011 computatis

241 2049 364 2094 summa
386 2028 457 2115 plus
481 2030 589 2095 decem
612 2029 735 2094 milium
757 2030 914 2096 talentum
938 2031 1128 2115 subducitur,
1154 2034 1186 2098 id
1207 2035 1273 2098 sine
1295 2033 1389 2098 dubio
1406 2053 1478 2098 oon-

243 2139 322 2216 stat,
353 2157 369 2201 e
392 2136 524 2203 Diodori
547 2139 682 2203 auctoris
705 2139 862 2203 sententia
887 2141 1071 2205 neminem
1098 2142 1160 2206 nisi
1182 2139 1354 2226 Phayllum
1383 2161 1478 2205 aurea

240 2243 440 2329 ἀναθήματα
474 2245 672 2330 percussisse.
725 2243 967 2332 Simplicissima
1000 2246 1059 2312 hac
1094 2249 1382 2331 argumentatione,
1418 2248 1478 2314 nisi

240 2371 427 2437 magnopere
452 2351 555 2434 fallor,
585 2373 622 2418 ea
646 2356 761 2440 capita,
790 2374 922 2440 quorum
945 2355 1041 2420 verba
1064 2355 1113 2420 illi
1137 2357 1253 2422 rationi
1276 2356 1415 2436 obstant,
1441 2376 1478 2421 ex

240 2458 303 2524 alio
327 2460 413 2525 fonte
436 2458 562 2526 fluxisse
585 2459 704 2547 liquido
729 2467 870 2550 apparet.
919 2462 999 2528 Sunt
1022 2468 1127 2530 autem
1151 2463 1304 2531 eiusmodi
1327 2483 1398 2551 opp.
1424 2466 1477 2545 33,

242 2569 300 2649 36,
331 2571 388 2650 37,
418 2557 577 2654 aquibus
604 2571 751 2656 quoniam
779 2591 805 2637 c.
836 2573 878 2636 30
905 2570 994 2636 nullo
1023 2571 1113 2637 modo
1142 2572 1263 2654 seiungi
1291 2576 1411 2657 potest,
1442 2593 1479 2637 ea

241 2698 335 2762 quam
359 2699 453 2764 supra
476 2677 514 2743 de
538 2698 564 2743 c.
583 2680 625 2744 30
650 2684 682 2744 et
705 2700 730 2745 c.
750 2681 803 2762 56,
820 2688 838 2744 5
853 2680 942 2767 posui
959 2680 1117 2745 sententia
1132 2681 1250 2766 optime
1266 2679 1476 2745 confirmatur.

330 2784 417 2850 Duos
440 2785 537 2868 igitur
559 2787 661 2852 fontes
676 2785 832 2853 Diodorus
853 2788 1026 2874 exscripsit,
1051 2789 1104 2873 qui
1121 2786 1159 2852 de
1176 2788 1370 2870 gravissimis
1386 2788 1479 2853 rebus

241 2892 514 2959 vehementissime
544 2893 770 2962 dissentiebant
802 2917 932 2982 quorum
968 2895 1050 2963 alter
1077 2893 1289 2962 Philomelum
1323 2894 1479 2981 templum

242 3001 393 3086 spoliasse
421 3003 563 3086 negavit,
594 3003 676 3070 alter
703 3005 819 3071 diserte
848 3004 1009 3070 contendit
1038 3007 1081 3090 (c
1109 3005 1177 3089 30).
1226 3001 1313 3068 Idem
1342 3001 1379 3068 de
1409 2991 1478 3088 epp.¹

243 3111 381 3176 23-27
419 3115 452 3176 et
481 3111 622 3179 28-30
658 3112 784 3180 collatis
815 3113 1016 3179 statuendum
1045 3133 1139 3198 supra
1167 3111 1256 3177 nobis
1284 3111 1387 3176 visum
1416 3115 1479 3192 est,

242 3223 393 3304 quantum
422 3219 570 3303 colligere
602 3221 694 3305 licet,
728 3223 857 3288 illorum
885 3243 954 3310 opp.
992 3225 1101 3288 auctor
1128 3219 1207 3285 nihil
1236 3219 1274 3285 de
1302 3217 1480 3285 Philomelo

241 3328 353 3414 templi
377 3329 547 3415 spoliatore
569 3336 763 3398 narraverat.
803 3331 945 3397 Eundem
961 3331 1058 3414 igitur
1073 3329 1191 3394 fontem
1208 3328 1240 3392 in
1257 3347 1328 3413 opp.
1347 3329 1478 3392 23-27

242 3439 274 3501 et
298 3457 322 3502 o.
350 3439 391 3502 56
416 3436 592 3503 adhibitum
621 3460 689 3506 esse
717 3438 982 3506 verisimillimum
1011 3439 1103 3523 esu).
1151 3435 1203 3501 Ad
1231 3435 1325 3517 hanc,
1355 3456 1435 3522 quae
1464 3457 1481 3501 e

149 3591 153 3600 -
242 3565 275 3609 re
298 3545 367 3630 ipsa
390 3544 540 3611 facillime
564 3549 772 3635 consequitur,
797 3549 1007 3614 coniecturam
1031 3544 1275 3612 confirmandam
1297 3548 1483 3626 argumenta

242 3673 313 3717 mea
341 3652 466 3738 quidem
495 3656 652 3721 sententia
680 3657 807 3722 minime
835 3653 1029 3740 neglegenda
1057 3675 1074 3719 e
1101 3652 1224 3739 reliqua
1256 3673 1281 3718 c.
1313 3654 1354 3717 56
1390 3656 1481 3738 parte

242 3759 488 3845 proficiscuntur.
529 3761 572 3828 Ut
595 3764 678 3828 enim
702 3763 734 3829 in
758 3785 783 3831 c.
810 3765 897 3848 23,5
918 3761 1113 3830 Philomelus
1136 3765 1172 3825 ut
1195 3759 1482 3846 penesPhocenses

244 3869 299 3952 τὴν
323 3873 519 3955 προστασίαν
541 3869 687 3956 Delphici
711 3870 822 3959 templi
848 3869 923 3938 olim
948 3871 1041 3936 fuisse
1068 3866 1228 3950 ostendat,
1259 3866 1388 3933 Homeri
1412 3888 1483 3950 gra-

242 3975 364 4040 vissimi
387 3975 586 4060 antiquitatis
610 3979 702 4046 testis
720 3978 822 4046 vorbis
838 3979 947 4060 utitur,
972 3978 1016 4044 sic
1032 3977 1130 4042 etiam
1146 3975 1179 4040 in
1195 3996 1220 4042 c.
1240 3976 1292 4056 56,
1309 3982 1325 4039 7
1342 3973 1482 4040 Homero

322 4175 340 4242 ¹)
360 4177 528 4246 Aequetione
549 4177 601 4232 282
621 4182 668 4233 tal.
689 4196 746 4236 aur.
759 4199 790 4224 =
802 4179 874 4234 looo
893 4180 941 4232 tal.
961 4194 1017 4247 erg.
1037 4193 1053 4230 a
1071 4177 1148 4229 nullo
1174 4176 1262 4230 adhuc
1287 4175 1375 4244 quoad
1400 4177 1482 4230 sciam

243 4270 373 4322 instituta
392 4269 459 4322 ratio
479 4267 550 4320 inter
569 4284 665 4322 aurum
685 4273 713 4324 et
731 4271 872 4338 argentum
892 4269 957 4323 haec
976 4268 1100 4336 sequitur
1123 4263 1482 4332 r:14‚1844(et1:1uusch,

245 4362 346 4414 Metrol.
368 4359 459 4412 Graec.
480 4359 508 4410 et
526 4357 617 4424 Rom,
640 4373 666 4426 p.
689 4357 740 4412 174
760 4354 812 4428 ⁸01)
833 4357 865 4412 do
885 4372 940 4427 qua
958 4357 985 4410 in
1006 4355 1136 4411 eiusmodi
1156 4356 1363 4426 quaestiouibus
1382 4357 1482 4410 versati

246 4449 296 4506 viri
314 4449 433 4504 iudicare
452 4445 546 4503 velint.
907 4463 911 4470 ·
1150 4452 1153 4459 ’

317 4535 338 4607 ²>
359 4540 392 4595 ol.
412 4537 505 4594 Haake
522 4552 549 4606 p.
569 4534 612 4592 60.
