3314 5124
332 474 334 480 .
643 423 684 436 -·
732 381 775 454 33
824 421 864 436 -κ

222 562 313 648 Quod
341 563 382 634 ad
404 563 541 654 Lycurgi
570 565 702 655 denique
731 568 831 634 vitam
860 566 943 656 (cod.
969 568 1049 654 268)
1079 568 1209 652 attinet,
1245 561 1377 635 Photius

21 731 22 738 ,
136 678 295 744 orationes
319 677 386 744 eius
410 696 478 742 sese
501 675 638 741 noudum
661 674 775 759 legisse
799 678 865 762 ipse
889 677 1020 760 ingenue
1044 677 1171 759 fatetur,
1202 676 1377 763 quindecim

133 787 239 852 autem
270 805 324 851 eas
353 805 420 851 esse
448 785 482 860 ἐξ
505 783 641 870 ἱστορίας
664 783 791 850 indicat.
840 781 925 861 Quae
949 784 1046 852 verba
1068 785 1108 851 A.
1134 784 1308 871 Schoene¹)
1332 787 1379 851 ita

19 899 20 976 t
132 895 366 980 interpretatus·
384 896 442 973 est,
467 895 503 957 ut
526 911 689 957 numomm
713 893 889 958 orationum
913 913 952 957 ex
975 913 1021 975 eo,
1048 914 1141 980 quem
1165 891 1344 960 Pseudo-Pl
1365 932 1379 942 -

18 985 20 1048 1
54 1053 57 1064 .
133 1001 261 1068 tarchus
285 1021 407 1087 qnoque
431 999 519 1086 sequi
544 999 712 1082 videretur,
736 999 938 1086 biographico
960 1002 1056 1083 fonte,
1081 1001 1202 1088 ἱστορία
1217 1003 1378 1087 inscripto,

135 1109 291 1175 aPhotio
316 1109 450 1195 petitum
475 1127 542 1174 esse
570 1109 733 1172 statueret.
782 1106 860 1174 Mihi
888 1111 998 1175 contra
1026 1107 1218 1196 reliquamm
1243 1109 1380 1176 vitarum

134 1219 394 1306 compositionem
418 1216 629 1282 consideranti
651 1213 758 1280 Photii
782 1215 886 1282 verbis
908 1215 942 1281 id
964 1216 1046 1283 effici
1070 1216 1203 1299 videtur,
1233 1218 1380 1304 quoniam

135 1332 169 1394 ut
184 1326 325 1412 Lycurgi
349 1328 506 1390 orationes
529 1322 706 1410 perlegeret
728 1323 865 1390 nondum
889 1328 1047 1407 evenerat,
1072 1327 1178 1412 itaque
1202 1327 1263 1412 ipsi
1287 1325 1325 1392 de
1341 1327 1380 1392 iis

134 1435 273 1502 iudicare
297 1453 360 1499 non
382 1431 473 1499 licuit
496 1471 538 1482 -
563 1431 603 1497 ob
627 1451 698 1497 eam
713 1434 815 1518 ipsam
832 1452 959 1500 causam
974 1431 1107 1500 Photius
1123 1432 1260 1520 Lycurgi
1280 1433 1381 1500 vitam

17 1569 18 1576 ¹
134 1546 166 1610 in
193 1541 310 1612 ultimo
333 1540 402 1608 loco
427 1541 568 1628 posuisse
593 1539 716 1606 videtur
740 1580 793 1623 —,
818 1540 951 1606 aliorum
975 1541 1106 1624 iudicia,
1137 1544 1272 1629 quaein
1296 1543 1381 1609 fonte

17 1695 19 1746 1
136 1653 200 1717 eius
229 1654 267 1716 nt
294 1651 328 1715 in
355 1648 485 1735 reliquis
514 1649 588 1714 vitis
616 1649 663 1713 ita
690 1649 723 1714 in
740 1647 883 1734 ¹Lycurgi
911 1670 1034 1737 quoque
1063 1656 1212 1734 congesta
1240 1651 1381 1717 extitisse

135 1780 195 1826 uon
219 1763 270 1826 est
294 1779 350 1824 our
374 1757 526 1844 suspicari
549 1756 737 1839 dubitemus
761 1777 833 1822 eum
857 1759 1021 1844 sprevisse,
1047 1779 1064 1823 e
1087 1759 1173 1824 fonte
1198 1779 1262 1842 suo,
1288 1762 1382 1824 etex

17 1859 18 1884 ³
136 1867 302 1935 rhetoricis
330 1870 364 1932 et
392 1865 603 1950 biographicis
632 1865 776 1952 partibus
804 1866 992 1952 composito,
1024 1865 1066 1952 de¹
1091 1869 1214 1932 oratore
1238 1865 1381 1952 Lycurgo

137 1995 210 2044 suae
239 1975 340 2062 ipsius
368 1975 454 2039 vitae
481 1977 564 2066 teste
588 1972 704 2038 diserte
712 1974 739 2057 ²)
763 1972 900 2038 indicato
923 1973 1003 2039 nihil
1026 1972 1113 2038 aliud
1136 1969 1197 2040 riisi
1219 1994 1382 2040 numerum

138 2084 317 2150 orationum
341 2081 545 2166 praemittere
569 2080 647 2146 satis
670 2078 826 2146 habuisse.
867 2079 937 2146 Hac
960 2079 1168 2167 explicatione
1191 2103 1230 2148 nc
1245 2081 1383 2168 Lycurgi

138 2191 265 2278 quidem
295 2191 394 2254 vitam
423 2209 443 2252 a
466 2187 563 2254 solita
585 2185 645 2252 illa
666 2186 872 2274 dispositione
896 2188 1063 2254 abhorrere
1088 2189 1236 2272 efficitur,
1267 2190 1322 2256 sed
1346 2211 1384 2256 ea

140 2318 261 2385 quoque
286 2298 319 2363 in
343 2295 421 2362 duas
445 2295 546 2362 divisa
562 2299 611 2361 est
627 2300 744 2382 partes,
768 2317 902 2382 quarum
917 2299 1019 2383 priore
1036 2296 1115 2362 nihil
1131 2298 1191 2364 nisi
1207 2300 1383 2364 orationum

141 2428 285 2473 numerus
320 2403 471 2486 traditur,
507 2403 610 2470 altera
645 2405 712 2469 vita
746 2406 811 2469 496
836 2408 854 2461 b
881 2407 1035 2470 41-497
1055 2409 1073 2461 b
1096 2407 1137 2470 23
1173 2407 1381 2486 continuatur,

144 2512 252 2580 deinde
281 2511 319 2577 de
344 2511 465 2577 coronis
490 2532 510 2575 a
532 2508 649 2597 populo
673 2509 798 2576 donatis
822 2513 886 2576 497
909 2515 925 2568 b
943 2514 1000 2593 23,
1031 2515 1088 2593 24,
1118 2511 1250 2599 denique
1275 2511 1313 2578 de
1337 2513 1391 2578 fa».

147 2620 231 2686 milia
252 2619 390 2706 Lycurgi
414 2619 588 2706 exponitur.
637 2617 735 2696 Quem
758 2619 786 2684 si
809 2620 879 2705 quis
903 2619 1043 2685 ordinem
1067 2640 1137 2686 oum
1161 2618 1383 2690 Demosthenis

151 2729 215 2793 vita
235 2728 472 2814 comparaverit,
497 2726 584 2792 nullo
609 2730 703 2814 pacto
719 2726 887 2810 dubitabit,
912 2729 987 2815 quin
1004 2769 1045 2776 -
1062 2728 1145 2814 quod
1160 2750 1218 2815 per
1233 2750 1265 2796 se
1281 2731 1384 2816 ipsum

149 2841 386 2902 consentaneum
420 2838 468 2902 est
497 2875 539 2884 —
567 2855 647 2921 quae
675 2835 714 2901 de
743 2833 880 2919 familia,
918 2836 955 2903 de
984 2836 1151 2904 honoribus
1178 2836 1384 2906 Demostheni

145 2945 268 3032 eiusque
292 2945 475 3031 propinquis
501 2965 520 3008 a
541 2941 656 3029 populo
673 2942 815 3024 decretis
841 2942 879 3008 de
895 2946 1003 3010 statua
1019 2945 1084 3010 eius
1101 2952 1384 3014 commemorantur

143 3055 220 3140 (495
241 3075 258 3109 a
275 3054 401 3137 4-11)
426 3052 480 3138 (cf.
505 3048 634 3117 PsPlut.
654 3053 729 3132 288,
755 3053 926 3136 84-191)
951 3072 1021 3118 cum
1048 3053 1194 3118 continua
1222 3055 1292 3119 vita
1315 3050 1366 3121 art

142 3162 343 3230 cohaerentia
364 3160 505 3227 eiusdem
528 3161 593 3226 sint
607 3161 725 3246 partis.
1135 3158 1138 3165 ’

196 3290 198 3298 ’
230 3271 301 3336 Iam
325 3289 398 3334 vero
421 3265 865 3336 Pseudo-Plutaroheam
894 3269 993 3333 vitam
1017 3267 1265 3356 contemplemur
1288 3273 1384 3356 atque

141 3381 185 3446 sic
209 3397 353 3462 agamus,
377 3381 413 3442 ut
436 3377 572 3462 primum
596 3375 693 3442 verba
716 3377 786 3462 ipsa
802 3397 969 3463 eorumque
992 3397 1072 3463 qnae
1087 3379 1169 3444 ratio
1185 3397 1255 3443 cum
1270 3375 1384 3442 Photio

140 3489 182 3553 sit
198 3485 415 3572 inspiciamus,
441 3483 552 3550 deinde
576 3485 843 3571 compositionem,
861 3485 972 3570 'quoad
995 3485 1061 3550 iieri
1077 3487 1187 3572 possit,
1213 3483 1383 3552 eliciamus.

139 3594 247 3681 Atque
277 3614 316 3658 ea
344 3591 540 3658 necessitudo
569 3591 750 3674 intercedit,
780 3596 829 3674 ut,
860 3613 1051 3679 quamquam
1078 3593 1111 3658 in
1139 3592 1297 3679 plerisque
1320 3614 1404 3659 uon¹

141 3702 248 3769 solum
272 3699 365 3766 rebus
382 3701 438 3766 sed
454 3703 550 3766 etiam
567 3700 670 3766 verbis
685 3701 842 3765 maximus
858 3703 948 3786 patet
964 3719 1140 3781 consensus,
1165 3703 1273 3766 tamen
1289 3699 1387 3766 aliam

141 3812 241 3876 vitam
271 3829 310 3873 ex
334 3807 398 3872 alia
422 3809 611 3893 exscriptam
635 3827 703 3874 esse
729 3807 779 3872 vix
803 3807 902 3872 statui
925 3809 1026 3894 possit
1048 3806 1104 3873 sed
1127 3805 1168 3871 ad
1191 3827 1386 3874 communem

218 4045 237 4114 ι)
258 4063 285 4115 p.
306 4047 368 4112 784,
390 4046 451 4100 787.

216 4135 239 4204 ²)
260 4138 293 4200 ἐξ
309 4137 425 4206 ἱστορίας
443 4137 637 4208 μεμαθήκαμεν
655 4135 737 4190 lech
756 4136 800 4201 41,
820 4137 863 4190 cll.
884 4136 936 4189 497
952 4145 965 4173 ⁸
980 4135 996 4190 3
1010 4136 1076 4206 ὡς»)
1090 4137 1191 4208 ἱστορία
1203 4135 1283 4204 λέγει.
1317 4137 1386 4190 loro·

142 4233 193 4300 μία
214 4244 279 4284 voce
298 4229 367 4282 nihil
385 4228 461 4282 aliud
480 4243 559 4296 qnam
580 4229 679 4281 fontem
699 4242 715 4279 a
733 4226 829 4280 Photio
849 4229 1011 4294 exscriptum
1031 4228 1175 4297 significari
1195 4228 1222 4279 in
1238 4230 1385 4295 propatulo

140 4325 194 4376 est.
240 4319 355 4372 Omnino
380 4318 514 4372 assentior
539 4321 565 4370 et
590 4316 709 4370 Zuclrero
739 4315 775 4385 (p.
801 4315 865 4381 305)
890 4317 1003 4373 Schocui
1031 4319 1279 4386 iutemretationem
1306 4319 1385 4373 Dion.

139 4412 204 4466 Hal.
226 4426 252 4477 p.
274 4408 327 4462 587
348 4411 376 4462 et
395 4407 447 4462 725
460 4409 491 4460 n.
512 4407 618 4461 collatis
638 4407 807 4475 impugnanti
827 4411 855 4462 et
868 4408 980 4462 Martino
995 4409 1168 4462 Ballheimcri
1194 4411 1383 4476 argumentum

140 4499 220 4570 quod
240 4500 368 4553 Photium
387 4513 521 4565 anonymo
541 4499 614 4551 fonte
634 4514 713 4552 usum
739 4512 796 4550 esse
820 4497 919 4550 statuit
944 4495 988 4564 (ct.
1008 4498 1145 4568 Schneier,
1170 4515 1262 4552 eorum.
1288 4515 1314 4567 p.
1336 4494 1382 4563 28)

141 4592 249 4668 optimo
269 4590 327 4642 iure
346 4589 485 4648 refutanti,

1155 4695 1171 4752 3
