3314 5124
759 367 980 434 „54-

248 547 474 635 probabilitate
502 547 626 614 statuit.
680 545 759 612 (lum
790 544 872 612 nihil
903 549 1069 632 praeterea
1102 546 1256 632 eSatyri
1292 544 1491 633 amplissimo

249 676 341 743 opere
358 655 397 722 de
412 654 627 722 Demosthene
643 655 788 720 fortunae
802 655 970 740 iniquitate
985 654 1077 720 nobis
1091 657 1252 722 serratum
1268 655 1320 736 sit,
1337 658 1491 740 quantum

248 762 438 830 Plutarchus
466 762 507 828 ah
534 762 592 828 illo
620 761 759 849 pendeat
785 760 915 828 definire
942 782 1006 828 non
1032 761 1133 828 audeo
1156 759 1289 848 (Gebh,
1318 763 1489 848 20-23).

248 871 431 938 Aristonem
455 868 552 936 Caum
581 871 685 956 ipsum
712 889 835 956 quoque
862 867 1110 955 Peripateticum
1138 890 1160 934 a
1182 867 1355 936 Plutarcho
1382 891 1491 936 narra-

248 980 344 1046 tionis
372 977 461 1045 illins
487 980 580 1044 testis
607 977 678 1044 loco
705 977 812 1044 afferri
840 979 981 1064 (1230),
1010 976 1159 1044 Gebhard
1186 1000 1217 1065 p.
1243 981 1287 1044 20
1315 997 1378 1046 non
1405 983 1491 1046 reete

249 1088 397 1174 opinatus
420 1090 479 1153 est.

339 1193 484 1261 Certiora
505 1192 544 1260 de
567 1192 775 1281 Hermippo
797 1193 973 1280 Smyrnaeo
984 1195 1009 1280 ¹)
1032 1197 1172 1260 statuere
1194 1193 1286 1277 licet,
1315 1196 1404 1262 cuins
1429 1199 1492 1278 βίοι

249 1304 290 1370 ab
318 1303 478 1384 omnibus,
513 1304 568 1389 qui
596 1303 628 1368 in
655 1304 731 1369 vitis
759 1305 896 1370 virorum
925 1304 1037 1388 quovis
1065 1303 1098 1370 in
1126 1323 1239 1386 genere
1270 1302 1493 1369 excellentium

249 1411 448 1480 illustrandis
471 1411 589 1476 versati
604 1415 688 1492 sunt,
712 1410 921 1478 libentissime
937 1409 1102 1497 compilati
1116 1415 1200 1477 sunt.
1239 1409 1288 1476 Ex
1302 1409 1494 1497 amplissimi

250 1518 449 1588 Callimacho
472 1523 599 1586 auctore
622 1519 761 1586 instituti
785 1520 888 1606 operis
911 1539 1054 1605 eaquae
1077 1522 1236 1586 oratorum
1252 1519 1348 1600 vitas,
1372 1517 1494 1606 pleras-

251 1647 311 1714 que
339 1627 510 1712 diligenter
537 1631 716 1709 enarratae,
752 1627 949 1709 continebat‚
984 1631 1076 1714 parte
1103 1647 1216 1694 novom
1245 1627 1426 1712 fragmenta
1453 1625 1494 1694 ad

249 1735 474 1804 Demosthenis
502 1737 601 1802 vitam
629 1735 821 1821 pertinentia
848 1739 977 1801 servata
1003 1738 1092 1817 sunt,
1127 1755 1259 1821 quornm
1286 1739 1422 1822 quatuor
1454 1734 1493 1802 de

250 1843 508 1931 praeceptoribus
531 1847 630 1927 agunt
653 1848 748 1930 atque
772 1842 833 1910 duo
856 1842 982 1930 quidem
1006 1843 1045 1910 de
1060 1844 1162 1926 Isaeo,
1186 1865 1268 1930 quae
1289 1864 1372 1910 nune
1392 1845 1493 1931 primo

250 1951 320 2020 loco
336 1971 585 2039 percenseamus.
621 1951 713 2018 Prius
729 1950 813 2039 apud
825 1951 1108 2039 Harpocrationem
1123 1956 1174 2018 est
1189 1950 1349 2039 (Dindorf,
1367 1974 1398 2040 p.
1413 1955 1494 2039 162)

250 2083 275 2128 s.
301 2080 330 2126 V.
366 2061 490 2135 Ἰσαϊσςι
519 2058 561 2135 οἷς
581 2064 640 2142 μέν
655 2061 719 2124 ἐστι
737 2064 799 2124 τῶν
814 2060 890 2124 δέκα
906 2059 1057 2146 ῥητόρων,
1080 2061 1228 2145 μαθητής
1244 2060 1279 2123 δὲ
1289 2059 1495 2148 Ἰσοκράτους,

250 2167 443 2241 διδάσκαλος
457 2167 492 2230 δὲ·
504 2171 744 2252 Δημοσθένους,
754 2167 931 2250 Ἀθηναῖος
947 2168 981 2232 τὸ
993 2172 1084 2245 γένος
1094 2167 1187 2230 καθά
1202 2163 1494 2253 φησινἘρμιππος

250 2275 286 2340 ἐν
313 2277 345 2358 β’
373 2274 447 2361 περὶ
475 2277 537 2338 τῶν
559 2273 754 2358 Ἰσοκράτους
780 2276 948 2358 μαθητῶν.
999 2273 1178 2360 Δημήτριος
1206 2274 1237 2340 δ’
1264 2274 1301 2338 έν
1329 2288 1393 2352 τοῖς
1421 2278 1496 2360 περὶ

248 2382 422 2468 apocopae
445 2386 587 2468 ποιητῶν
603 2383 767 2449 Χαλκιδέα
784 2401 881 2468 φησιν
897 2381 997 2446 adadu
1012 2385 1105 2446 εἶναι.
1145 2381 1259 2450 Suidas
1275 2382 1388 2450 eadem
1403 2383 1496 2452 affert

251 2491 355 2560 uerbis
379 2492 472 2556 καθά
498 2510 595 2577 φησιν
619 2531 661 2541 -
686 2495 844 2577 μαθητῶν
867 2491 1006 2575 omissis,
1036 2490 1126 2558 addit
1151 2511 1239 2558 vero:
1276 2490 1369 2567 οὗτος
1397 2493 1496 2558 ἔπαι-

252 2613 352 2666 νιϊται
376 2600 429 2664 καὶ
451 2599 492 2675 ὥς
515 2599 617 2686 ῥήτωρ
640 2600 694 2663 καὶ
716 2599 757 2675 ὡς
772 2605 986 2686 Δημοσθένην
1008 2600 1128 2684 ἀμισθὶ
1150 2602 1345 2686 προαγαγών
1353 2602 1392 2686 ²).
1432 2601 1495 2668 Ao·

252 2707 337 2776 cedit
365 2711 478 2775 tertius
502 2707 674 2794 Dionysius
697 2707 970 2776 Halioamassenis
998 2709 1052 2795 (de
1076 2709 1117 2776 Is.
1147 2709 1210 2776 ind.
1242 2711 1292 2795 l):
1334 2709 1408 2775 οἷιδὲ
1433 2711 1495 2796 γάρ

252 2815 269 2882 δ
294 2817 367 2891 τούς
381 2815 578 2902 Ἰσοκράτους
600 2816 752 2901 μαθητάς
774 2816 973 2903 ἀναγράψας
988 2813 1193 2904 Ἕρμιππος,
1219 2817 1350 2904 ἀκριβής
1373 2818 1409 2883 ἐν
1433 2830 1496 2894 τοῖς

251 2925 361 2998 ἄλλοις
387 2922 572 3007 γενόμενος,
600 2921 683 3011 ὑπὲρ
712 2924 805 2988 τοῦδε
833 2928 888 2988 τοῖν
911 2923 1040 3011 ῥήτορος
1061 2923 1155 2990 οὐδὲν
1178 2927 1298 3011 εἴρηκεν
1321 2924 1382 3002 ἔξω
1406 2927 1496 2990 δυοῖν

257 3031 395 3107 τούτοιν,
418 3027 466 3096 ὅτι
489 3032 636 3118 διήκουσε
657 3032 717 3115 μὲν
734 3032 945 3119 Ἰσοκράτους,
967 3031 1174 3118 καθηγήσατο
1197 3033 1232 3096 δὲ
1255 3038 1497 3118 Δημοσθένους,

253 3143 434 3218 συνεγένετο
457 3140 492 3203 δὲ
517 3151 580 3214 τοῖς
602 3140 739 3226 ἀρίστοις
763 3143 824 3204 τῶν
848 3140 1047 3225 φιλοσόφων,
1071 3160 1152 3226 quae
1176 3140 1274 3207 verba
1293 3140 1382 3208 nullo
1402 3142 1496 3210 modo

252 3247 300 3314 ita
328 3246 500 3334 premenda
527 3251 615 3330 sunt,
651 3252 688 3313 ut
714 3268 785 3316 cum
813 3247 965 3336 Harpocr.
996 3247 1116 3315 collata
1143 3248 1296 3336 Dionysio
1330 3249 1496 3318 levitatem

253 3355 412 3442 quandam
436 3356 561 3422 crimini
583 3354 658 3420 dare
682 3355 857 3422 videantur.
904 3356 952 3424 Do
979 3358 1084 3444 patria
1112 3359 1195 3424 enim
1219 3359 1302 3424 isaei
1325 3357 1497 3446 Dionysius

252 3462 347 3550 paulo
372 3468 446 3530 ante
470 3466 538 3550 ipse
560 3464 625 3530 iam
649 3465 794 3551 exposuit
816 3464 858 3540 ὡς
879 3469 938 3548 μέν
963 3488 1043 3541 τινες
1065 3464 1241 3553 ἱστοροῦσιν
1258 3468 1438 3552 Ἀθηναῖος
1462 3470 1496 3534 τὸ

252 3576 353 3650 γένος,
375 3572 417 3648 ὡς
440 3574 471 3637 δ’
494 3577 593 3660 ἕτεροι
616 3573 776 3660 γράφουσι
799 3574 995 3651 Χαλκιδεὺς,
1022 3575 1136 3661 quibus
1159 3575 1263 3642 verbis
1290 3575 1375 3642 haud
1404 3574 1496 3644 dubie

254 3679 422 3766 Hermippi
444 3678 660 3766 Demetriiqne
683 3679 929 3768 discrepantiam
957 3681 1101 3768 intellegi
1129 3682 1208 3750 vult.
1257 3682 1343 3762 Quae
1371 3685 1399 3750 si
1427 3687 1496 3772 quis

254 3787 424 3876 prudenter
437 3787 690 3872 consideraverit,
704 3792 779 3876 quin
786 3789 900 3858 Snidae
912 3793 1093 3860 novissimis
1105 3792 1209 3860 verbis
1219 3791 1310 3866 οὗτος
1316 3794 1497 3860 ἐπαινεῖται

252 3899 306 3960 καὶ
328 3896 369 3971 ὥς
392 3895 493 3984 ῥήτωρ
516 3898 570 3962 καὶ
592 3897 634 3973 ὡς
648 3904 862 3986 Δημοσθένην
884 3898 1002 3983 δμισθὶ
1022 3899 1218 3987 προαγαγών
1233 3918 1306 3966 cnm
1321 3899 1496 3990 Hermippo

329 4112 348 4182 ¹)
367 4116 507 4186 Hermippi
536 4117 677 4185 Smyrnaei
703 4116 877 4187 Peripatetici
909 4118 941 4170 fr.
979 4116 1040 4168 coll.
1067 4114 1136 4183 disp.
1165 4119 1193 4170 et
1220 4118 1261 4173 ill.
1290 4120 1323 4174 A.
1353 4122 1496 4192 hoaynski.

254 4206 365 4262 Bonnae
386 4206 463 4262 1832.
1256 4241 1261 4256 .

326 4291 348 4362 ¹)
368 4298 535 4352 Demetrium
554 4314 570 4352 a
589 4296 673 4351 Snida
692 4300 929 4352 commemoratum
950 4293 1110 4366 (Δημήτριος
1128 4297 1159 4351 δὲ
1172 4324 1205 4333 -
1220 4297 1309 4368 φησιν)
1329 4317 1384 4356 non
1400 4303 1496 4359 Phale-

253 4401 338 4452 reum‚
359 4386 574 4456 sedldagnetem
594 4404 651 4442 esse
671 4404 765 4442 moneo
784 4389 894 4456 propter
912 4387 1052 4440 Westerm.
1071 4385 1170 4456 Biogr,
1189 4405 1215 4456 p.
1236 4389 1298 4454 air,
1318 4395 1346 4444 et
1364 4391 1406 4445 vir
1424 4393 1497 4449 doct.

254 4477 283 4530 in
301 4476 372 4530 Phil.
392 4477 468 4542 Ana,
493 4477 552 4544 v11,
571 4494 599 4548 p.
621 4477 687 4545 1243
708 4479 741 4533 ot.
763 4477 972 4543 Volkmannnm,
991 4477 1030 4534 De
1049 4475 1148 4534 Suidae
1167 4479 1347 4552 biographiois
1368 4495 1414 4554 qn.
1434 4499 1496 4540 nor.

256 4565 418 4644 (Numbnrgi
439 4565 529 4634 reia),
548 4585 576 4645 p.
597 4567 630 4626 ta
650 4572 678 4628 ot
697 4567 792 4633 ooth,
811 4583 839 4642 p.
861 4566 902 4628 12.
