3314 5124
809 357 1032 433 μ53..

387 542 605 616 Westcrmenn
617 546 640 636 ¹)
665 548 744 616 satis
767 546 889 630 habuit,
913 567 997 614 nova
1018 551 1052 614 et
1074 548 1183 635 inepta
1205 567 1287 634 quae
1310 544 1344 614 in
1367 543 1417 614 his
1432 545 1530 616 insunt

297 659 542 740 enumeraviss03
566 655 605 723 dc
629 655 767 723 fontibus
791 655 869 722 nihil
894 658 1008 722 statuit
1022 657 1083 722 nisi
1098 653 1214 722 Zosimi
1230 661 1264 722 et
1278 655 1441 743 Anonymi
1456 659 1530 724 vitas

297 786 335 832 ex
360 765 554 832 orationibus
578 763 801 832 Demosthenis
823 762 1065 850 Aeschinisque,
1094 766 1259 850 praeterea
1287 783 1325 828 ex
1349 762 1530 832 Plutarehea

296 871 430 959 aliisque
452 872 529 939 vitis
547 874 713 955 congestas
729 891 808 953 esse,
832 869 946 936 Suidae
963 890 990 936 3.
1008 873 1028 936 3
1044 891 1082 936 ex
1098 868 1259 956 Anonymi
1273 871 1342 937 vita
1358 879 1529 960 excerptum

296 980 407 1047 videri.
448 979 549 1058 Quam
573 979 764 1046 sententiam
783 977 934 1062 Roesiger
956 979 1003 1043 ita
1023 978 1167 1060 correxit,
1192 984 1228 1044 ut
1248 977 1364 1045 Zosimi
1379 979 1528 1067 Anonymi

295 1089 411 1155 Suidae
437 1091 520 1156 vitas
543 1111 582 1156 ex
605 1110 667 1155 uua
684 1087 855 1174 3331333333
871 1087 1012 1172 epitoma
1027 1084 1203 1152 deduceret.
1244 1084 1372 1174 Blass2)
1388 1091 1527 1155 citrium

295 1196 423 1264 illorum
451 1200 637 1284 scriptorum
666 1198 741 1264 vitis
768 1194 891 1262 nnllam
920 1193 959 1259 ab
988 1193 1054 1258 alia
1081 1193 1231 1280 pendere,
1265 1195 1382 1262 Suidae
1410 1200 1527 1264 tertiam

295 1305 486 1392 particulam
510 1327 548 1372 ex
563 1306 724 1392 Anonymi
747 1303 920 1390 exemplari
944 1307 1124 1389 excerptam
1148 1323 1216 1370 esse
1240 1305 1273 1369 in
1288 1308 1466 1373 transcursu
1479 1306 1527 1372 ad·

295 1407 428 1480 notavit.
470 1413 557 1493 Quae
580 1433 771 1502 quamquam
797 1435 816 1479 3
831 1411 1001 1495 Roesigero
1022 1415 1055 1477 et
1070 1409 1194 1478 Blaesio
1211 1413 1244 1477 in
1259 1414 1437 1480 universum
1452 1419 1524 1481 recte

296 1520 436 1587 iudicata
458 1527 545 1605 sunt,
574 1525 683 1588 tamen
706 1522 881 1589 accuratius
905 1521 989 1586 vitas
1012 1519 1086 1586 11133
1110 1521 1290 1607 perquirere
1314 1542 1377 1588 non
1401 1522 1519 1588 alienum

296 1633 354 1696 est.
408 1628 515 1717 Atque
542 1631 697 1718 profecto,
733 1634 760 1697 si
789 1631 859 1717 quis
886 1628 1045 1714 Anonymi
1074 1629 1175 1694 vitam
1203 1627 1380 1716 Suidaeque
1410 1631 1517 1696 tertiam

295 1736 486 1823 particulam
511 1738 613 1804 obiter
635 1738 876 1825 comparaverit,
900 1737 998 1802 aliam
1021 1757 1059 1802 ex
1081 1735 1146 1802 3113
1162 1757 1246 1802 inere
1262 1736 1450 1825 descriptam
1464 1757 1521 1802 esse
1608 1765 1611 1774 =

296 1843 390 1911 facile
414 1841 640 1932 suspicabitur:
676 1848 723 1911 ita
746 1865 872 1933 prorsus
897 1843 1005 1910 eodem
1030 1843 1138 1910 ordine
1161 1844 1202 1909 31)
1225 1842 1289 1910 3113
1315 1847 1464 1932 copiosius
1489 1844 1523 1910 ab

296 1951 359 2018 alio
376 1953 502 2020 brevius
518 1953 629 2020 eadem
645 1956 854 2040 exponuntur3
876 1955 1019 2018 attamen
1035 1951 1265 2038 discrepantiae
1281 1973 1344 2019 333
1359 1955 1406 2019 ita
1420 1971 1521 2040 paucae

296 2081 316 2126 a
339 2063 496 2127 sententia
512 2060 570 2127 illa
586 2061 745 2128 discedere
760 2064 885 2144 cogunt.
925 2059 1006 2126 Sunt
1022 2062 1105 2125 enim
1122 2059 1275 2126 eiusmodi
1291 2061 1376 2148 apud
1392 2061 1521 2128 Suidam:

295 2187 324 2234 v.
350 2171 393 2234 45
418 2169 471 2255 (W
472 2173 530 2235 est.
555 2168 678 2255 Biogr.)
701 2165 777 2244 ὧςτε
802 2168 902 2253 paee
928 2167 1044 2232 ἑαυτὸν
1071 2171 1150 2232 οἴκοι
1178 2172 1397 2254 κα331ρξαντα
1424 2169 1524 2233 ἑαυτοῦ

295 2279 426 2362 ξυρῆσαι
451 2281 504 2362 τῆς
527 2277 669 2362 κεφαλῆς
690 2279 783 2363 μέρος
799 2276 915 2364 (Α333.
934 2295 965 2362 p.
984 2279 1061 2359 304,
1085 2278 1245 2362 46—49).
1286 2277 1409 2343 Deinde
1425 2275 1523 2344 Suidas

295 2383 334 2449 de
358 2385 493 2471 captivis
516 2407 536 2451 a
559 2385 773 2452 Demosthene
795 2385 983 2472 redemptis,
1010 2384 1048 2451 dc
1073 2383 1147 2452 filiis
1171 2386 1211 2451 ab
1235 2405 1272 2452 eo
1296 2385 1415 2454 dotatis
1439 2407 1465 2452 v.
1489 2386 1522 2449 55

295 2491 422 2559 aliunde
457 2493 541 2560 haud
576 2493 670 2560 dubie
704 2494 812 2561 hausit
840 2493 956 2581 (Anon.
994 2495 1075 2575 305,
1098 2495 1180 2579 30).
1232 2493 1313 2560 Tum
1348 2493 1524 2561 Graecorum

295 2598 507 2668 Ohaemuensi
531 2622 636 2688 pugna
659 2606 822 2688 captorum
846 2601 928 2668 alius
951 2601 1084 2668 aSuida
1107 2623 1137 2668 y.
1156 2605 1198 2667 63
1219 2623 1367 2669 numerus
1383 2603 1524 2669 indicatur

296 2707 371 2793 (nisi
392 2709 570 2795 corruptela
593 2709 725 2795 subest),
751 2708 832 2776 alius
848 2709 888 2774 ab
905 2707 1073 2794 Anonymo
1090 2711 1165 2792 307,
1192 2712 1267 2776 135.
1308 2710 1388 2776 Tum
1404 2709 1523 2777 Archias

295 2813 429 2880 aSuida
451 2835 480 2881 v.
506 2817 549 2881 73
574 2814 757 2902 appellatur
780 2816 959 2902 ὑποκριτὴς,
983 2815 1023 2882 31)
1040 2815 1208 2902 Anonymo
1232 2815 1437 2904 ὑπασπισιὴς
1459 2819 1521 2895 308,

185 2963 188 2967 -
297 2925 371 2988 139.
426 2922 655 2990 Gravissimum
690 2927 764 2990 iere
799 2923 967 2990 discrimen
1002 2925 1035 2990 in
1069 2926 1156 2991 vitiis
1191 2923 1400 2992 Demostheni
1434 2923 1522 2991 insitis

295 3030 513 3098 enumerandis
537 3037 684 3118 apparet:
716 3031 757 3097 ab
773 3031 941 3117 Anonymo
965 3033 1042 3114 305,
1068 3035 1110 3097 66
1135 3033 1198 3097 tria
1220 3032 1337 3099 diserte
1354 3033 1521 3111 afferuntur,

295 3159 366 3204 curn
389 3138 502 3205 Suidas
525 3144 660 3225 quatuor
683 3141 768 3206 vitiis
788 3138 1035 3206 Demosthenem
1059 3139 1220 3208 laborasse
1245 3147 1382 3228 exponat
1405 3159 1522 3229 quorum

294 3247 366 3329 tria,
392 3267 581 3334 quamquam
607 3248 647 3313 31)
671 3247 737 3315 11113
761 3249 801 3314 31)
817 3247 985 3334 Anonymo
1008 3248 1142 3335 prolatis
1163 3271 1225 3315 non
1241 3249 1404 3332 dissident,
1429 3254 1522 3316 tamen

294 3374 356 3419 nou
385 3375 422 3422 ex
450 3374 487 3420 eo
514 3354 673 3422 translata
701 3360 788 3438 sunt,
822 3360 970 3442 quartum
999 3376 1114 3422 novum
1143 3357 1227 3424 haud
1255 3357 1348 3424 dubie
1378 3358 1522 3426 diversam

296 3463 448 3545 originem
472 3483 548 3549 prae
571 3483 605 3528 se
629 3463 700 3545 fert,
726 3484 754 3528 v.
773 3465 812 3528 51
839 3484 904 3550 sq.:
935 3464 1066 3548 τραυλὸς
1082 3465 1113 3528 3*
1129 3465 1174 3528 ὤν
1188 3465 1242 3528 καὶ
1259 3464 1313 3529 τὸν
1327 3463 1415 3549 ὦμον
1430 3465 1523 3549 ἀπρε-

295 3573 365 3644 πῶς
387 3569 492 3647 ἐκίνει,
514 3571 567 3635 eal
591 3572 647 3657 τὴν
669 3571 768 3656 ἀκαὴν
790 3571 932 3656 ἀσθενὴς
954 3571 1008 3634 καὶ
1032 3573 1065 3635 τὸ
1090 3575 1218 3654 πνεῦμα
1236 3571 1274 3637 or'r
1290 3573 1432 3660 διαρκὴς,
1453 3589 1523 3658 quat

295 3675 447 3744 dissensio
470 3697 509 3744 33
533 3679 690 3744 communi
713 3676 839 3765 quidem
862 3676 1006 3764 exemplo
1030 3678 1160 3745 Suidam
1184 3683 1217 3744 et
1236 3679 1439 3768 Anonymum
1460 3697 1523 3745 usos

294 3805 362 3851 esse
390 3781 637 3853 luculentissime
665 3786 813 3852 ostendit.
866 3784 968 3864 Quam
996 3787 1036 3853 ad
1065 3789 1255 3854 sententiam
1287 3787 1522 3856 confirmandam

293 3891 409 3960 Zosimi
436 3892 641 3974 Ascalonitae
669 3896 738 3960 vita
764 3915 835 3960 eum
858 3892 1019 3981 Anonymi
1042 3895 1217 3982 Suidacque
1245 3897 1320 3963 vitis
1349 3898 1523 3984 comparata

294 3999 423 4066 accedit.
464 3999 570 4087 Atque
586 4001 645 4068 hoc
665 4003 801 4088 primum
824 4002 998 4068 3313311333
1021 4007 1080 4085 331,
1105 4003 1236 4070 Suidam
1257 4006 1291 4070 in
1314 4005 1363 4088 113,
1389 4025 1467 4092 quae
1489 3999 1523 4066 ab

283 4106 454 4195 Anonymi
482 4109 634 4175 relatione
663 4109 840 4195 discrepare
868 4109 960 4176 modo
989 4111 1177 4194 significavi,
1210 4133 1280 4178 cum
1308 4111 1432 4178 Zosimo
1460 4130 1524 4177 oon·

293 4217 419 4282 sentiro.
462 4213 608 4283 Zosimus
635 4217 715 4284 nihil
743 4215 836 4284 affert
863 4216 902 4284 de
931 4218 1071 4286 conclavi
1095 4220 1312 4304 subterraneo,
1342 4220 1399 4287 sed
1421 4219 1524 4286 iisdem

370 4468 508 4541 ι1331).
537 4471 583 4538 IV,
601 4490 629 4541 p.
647 4471 764 4528 88-92.

356 4557 387 4628 ¹¹)
407 4564 426 4616 l.
446 4577 468 4616 c.
488 4561 536 4626 III,
558 4561 581 4628 1,
600 4579 626 4630 p.
647 4561 673 4628 5,
692 4565 748 4616 331.
768 4563 795 4621 3.
