3314 5124
776 349 998 416 ..20..

268 573 310 585 -
334 555 397 603 non
420 533 521 601 solum
545 555 570 601 u.
597 536 683 616 30,1
707 535 804 601 verba
826 539 1017 621 repugnant,
1035 532 1090 601 sed
1113 537 1210 601 etiam
1223 533 1382 602 Sohaeferi
1403 533 1465 602 illa
1494 559 1518 602 a

267 643 386 710 Paohin
410 643 562 730 ‘adoptata
584 645 803 730 interpretatio
828 646 937 731 (supra
959 666 989 731 p.
1016 645 1061 729 7).

357 752 485 818 Minime
514 773 587 819 vero
616 753 648 817 in
677 754 781 816 animo
804 752 883 817 mihi
911 756 960 817 est
987 751 1077 818 illam
1102 774 1121 817 a
1155 774 1205 818 me
1229 756 1367 840 positam
1390 755 1515 819 Demo-

267 860 347 948 phili
370 882 478 927 veram
501 862 596 927 fuisse
620 861 810 927 sententiam
833 880 890 947 pro
914 865 998 928 certo
1022 865 1171 942 statuere,
1196 861 1299 926 sedin
1315 865 1384 926 tam
1399 864 1514 947 paucis

267 968 408 1054 reliquiis
431 968 507 1055 quid
530 968 617 1034 aliud
639 967 835 1054 relinquitur,
860 989 954 1054 quam
978 973 1014 1033 ut
1037 972 1188 1054 quantum
1213 969 1280 1033 fieri
1304 973 1410 1054 potest
1445 969 1514 1035 dis-

267 1098 376 1162 persas
404 1098 453 1142 res
482 1079 719 1159 coniungamuS,
752 1098 848 1142 unam
876 1075 1061 1142 relationem
1091 1096 1275 1162 componere
1304 1077 1512 1143 studeamus?

268 1183 336 1262 Qua
363 1187 396 1251 in
423 1206 457 1251 re
485 1206 656 1270 numquam
684 1183 930 1250 obliviscendum
960 1188 1008 1250 est
1036 1183 1219 1270 Damophili
1251 1184 1349 1250 uerba
1388 1185 1512 1250 nonin

267 1294 366 1378 ipsius
393 1293 581 1359 narrationis
610 1296 758 1384 oontextu
781 1297 901 1373 extare,
931 1291 987 1358 sed
1010 1292 1050 1357 ab
1073 1292 1238 1358 Athenaeo
1262 1296 1424 1378 excerpta,
1454 1297 1512 1380 qui

269 1405 388 1486 quanta
415 1421 485 1466 oum
514 1402 574 1467 fide
603 1422 641 1467 ea
668 1401 877 1487 desumpserit
904 1402 976 1467 seiri
1003 1392 1066 1466 non
1093 1404 1213 1487 potest3
1242 1421 1282 1465 ne
1314 1401 1347 1466 id
1381 1401 1511 1487 quidem

269 1513 407 1590 constat,
443 1507 540 1574 verba
567 1508 751 1595 Damophili
777 1513 882 1574 utrum
910 1507 1072 1584 αδτολεξεὶ
1099 1531 1140 1574 an
1168 1510 1349 1574 summatim
1383 1508 1510 1575 reddita

269 1617 342 1697 sint,
367 1636 559 1702 quamquam
574 1614 693 1682 Paokio
710 1616 907 1702 exploratum
928 1621 976 1682 est
999 1615 1096 1682 verba
1118 1637 1180 1681 non
1203 1617 1285 1680 κατὰ
1308 1617 1395 1692 λέξιν
1417 1617 1509 1682 nobis

116 1763 121 1767 -
164 1707 172 1725 .
210 1787 213 1792 ,
269 1726 395 1789 servata
419 1743 495 1789 esse.
537 1723 623 1802 Quae
646 1726 673 1790 si
697 1726 801 1789 omnia
817 1723 1081 1790 considerabimus
1097 1723 1305 1804 similitudini,
1330 1745 1410 1810 quae
1427 1727 1509 1790 inter

268 1830 477 1917 Demophilea
504 1831 601 1898 verba
629 1830 863 1897 etDindoream
891 1833 1103 1896 narrationem
1124 1834 1172 1926 (e.
1204 1834 1261 1913 64,
1283 1833 1315 1916 2)
1342 1833 1509 1898 intercedit

270 1938 308 2005 de
335 1940 482 2006 uxoribus
505 1935 713 2007 Phooensium
741 1938 867 2021 dueum,
898 1961 968 2006 euru
994 1937 1230 2026 Volquardseno
1241 1941 1265 2025 ¹)
1294 1959 1356 2005 non
1383 1943 1508 2005 tantum

269 2046 414 2132 ponderis
438 2048 610 2114 tribuemus
634 2052 786 2133 quantum
809 2046 898 2112 Pauli
921 2052 954 2111 et
976 2046 1127 2130 Roesiger
1149 2046 1370 2133 tribuerunt2).

362 2155 410 2220 De
435 2155 497 2220 alio
520 2154 728 2240 Demophiloo
751 2155 927 2236 fragmento
952 2152 1070 2240 (Sohol.
1097 2153 1174 2219 Ven.
1201 2152 1238 2220 Il.
1264 2153 1354 2235 XIII,
1381 2157 1460 2239 301)
1468 2156 1503 2238 ³),
1524 2209 1527 2215 .

270 2261 353 2348 quod
381 2264 458 2328 item
481 2261 569 2328 Paok
597 2265 629 2328 ln
656 2284 746 2328 usum
769 2263 909 2343 vocavit,
939 2262 1055 2326 diutius
1079 2261 1239 2348 disputare
1262 2281 1324 2326 non
1349 2281 1425 2347 opus
1448 2264 1503 2326 est.

269 2368 316 2435 At
339 2371 589 2453 δεισιδαιμονίαν
611 2391 648 2436 ae
671 2372 824 2455 pietatem
847 2390 994 2452 magnam
1012 2368 1195 2454 Demophili
1218 2371 1378 2455 propriam
1402 2369 1507 2451 fuisse,

269 2476 357 2544 Pauli
373 2479 499 2544 statuit!
539 2478 602 2544 Sed
617 2481 803 2562 argumenta
818 2466 898 2564 quae
914 2477 1047 2564 protulit
1067 2477 1157 2544 nulla
1177 2481 1264 2559 sunt3
1289 2497 1389 2563 neque
1413 2476 1509 2542 verba

270 2608 365 2672 supra
387 2590 526 2652 tractata
556 2590 659 2673 (14‚3
686 2591 743 2661 ἕως
760 2589 812 2671 τῆς
840 2589 972 2669 φθορᾶς
1000 2589 1062 2649 τῶν
1089 2586 1342 2669 διανειμαμένων
1371 2586 1411 2648 τὰ
1440 2583 1509 2670 ἱερὰ

269 2692 464 2780 χρήματα*))
492 2694 545 2760 vel
572 2693 649 2760 belli
675 2700 712 2759 ut
740 2695 821 2759 seori
849 2691 1023 2779 appellatio
1051 2692 1090 2758 de
1118 2693 1221 2758 colore
1246 2692 1299 2758 vel
1322 2693 1447 2757 omnino
1472 2691 1510 2757 de

270 2799 425 2867 scribendi
449 2802 514 2866 eius
538 2815 650 2885 genere
674 2799 748 2887 quid
771 2799 911 2866 indioant
933 2821 1033 2886 neque
1057 2799 1129 2866 inde
1153 2800 1237 2887 quod
1263 2821 1342 2887 opus
1371 2821 1389 2864 a
1418 2805 1509 2886 patre

268 2907 415 2975 relietum
439 2909 609 2996 supplevit,
634 2908 762 2975 sublimi
784 2909 904 2995 pietate
927 2929 998 2974 eum
1022 2909 1116 2975 tuisse
1140 2907 1247 2992 colligi
1269 2911 1420 2994 potest5).

361 3017 423 3084 Sed
439 3017 526 3084 Paek
543 3017 725 3104 Demophili
736 3019 871 3100 vestigia
886 3017 970 3102 apud
986 3017 1159 3083 Diodorum
1175 3018 1344 3103 aperuisse,
1360 3037 1510 3098 magnam

270 3125 444 3192 Diodoreae
458 3125 535 3192 belli
546 3127 735 3192 narrationis
747 3129 872 3212 partem
882 3125 1072 3213 Demophilo
1085 3126 1278 3192 adiudioasse
1290 3146 1353 3191 non
1363 3127 1443 3191 satis
1453 3125 1509 3189 ha

228 3237 230 3240 ’
270 3233 348 3315 buit,
362 3234 418 3300 sed
428 3236 525 3300 etiam
535 3234 709 3300 Pausaniae
719 3233 759 3316 X,
774 3237 793 3299 2
808 3234 1025 3301 brevissimam
1034 3233 1180 3300 Phocaiei
1193 3232 1270 3298 belli
1282 3231 1510 3318 expositionem

270 3347 441 3408 maximam
453 3348 576 3429 partem
589 3343 630 3408 ad
642 3342 865 3429 Demophilum
877 3342 978 3408 redire
991 3342 1051 3407 sibi
1064 3343 1228 3427 persuasit.
1266 3339 1334 3419 Qua
1345 3343 1378 3406 in
1389 3339 1510 3406 lubrica

271 3453 323 3517 via
335 3471 406 3516 eum
418 3453 506 3537 sequi
517 3469 579 3515 non
591 3470 669 3536 opus
681 3454 739 3532 est,
756 3470 913 3536 perpauca
925 3450 965 3514 ad
978 3451 1187 3515 oonieuturam
1203 3448 1293 3514 illam
1310 3448 1510 3515 refutandam

271 3560 348 3624 satis
373 3563 471 3624 erunt.
519 3556 724 3640 Pausaniam,
749 3559 801 3644 qui
825 3562 978 3643 quantum
1002 3557 1042 3622 ab
1067 3555 1139 3621 aliis
1163 3555 1331 3637 audiverit,
1357 3560 1509 3642 quantum

345 3917 364 3987 ¹)
383 3937 410 3990 p.
433 3921 491 3977 113.

342 4008 364 4077 ²)
385 4010 494 4065 Diodori
513 4012 594 4066 verba
611 4011 800 4081 Demophilum
819 4013 930 4080 propius
951 4010 1076 4065 aoeedere
1095 4026 1176 4079 quam
1195 4011 1378 4080 Phylarchum
1399 4008 1443 4076 (fr.
1464 4007 1509 4078 60)

269 4104 381 4170 planum
407 4105 455 4156 est.
495 4101 618 4158 Ceterum
638 4102 781 4170 Phylarehi
807 4101 888 4156 verba
906 4102 1071 4170 Theopompi
1097 4102 1210 4170 vestigia
1233 4117 1353 4168 premere
1373 4100 1509 4154 videntur.

271 4190 382 4261 (Theop.
402 4192 432 4245 fr.
455 4189 527 4256 182.)

342 4277 753 4351 Dffimmhmmffl

342 4368 364 4437 ⁴)
379 4373 506 4444 χρήματα
534 4372 584 4426 hoe
613 4374 672 4427 loeo
706 4373 733 4427 in
765 4373 920 4428 universum
944 4372 1080 4440 Apollinis
1108 4373 1227 4444 κτήματα
1256 4371 1407 4441 significare
1433 4389 1511 4427 nemo

270 4478 324 4516 non
343 4462 429 4522 videt,

344 4559 365 4627 ⁸)
386 4553 510 4612 Roessler
527 4568 554 4621 p.
574 4551 617 4608 49.
656 4551 853 4623 Votquerdseu,
873 4553 996 4610 Jehreeb.
1017 4555 1072 4610 vn·
1086 4569 1113 4622 p.
1132 4553 1193 4608 402.
