3314 5124
735 339 956 402 ..14-

227 521 417 606 usurpantur
439 517 552 594 συλᾶν,
573 515 743 604 ίεροσυλία,
764 516 784 604 ᾗ
804 519 848 592 είς
871 517 906 582 τὸ
929 521 1024 582 θεῖον
1046 521 1245 604 παρανομία,
1268 519 1307 582 τὰ
1322 519 1397 605 περὶ
1413 519 1470 604 τὴν

226 627 411 711 ἐπιμέλειαν
440 627 495 693 coir
520 630 668 709 μαντείου
698 628 750 688 καὶ
781 623 881 690 τᾶλλα
908 626 1021 690 πάντα
1049 627 1088 690 τὰ
1116 627 1198 713 πρὸς
1225 631 1389 709 εοσέβειαν
1416 629 1469 690 καὶ

227 737 335 821 κοινὴν
358 735 486 822 εἰρήνην
502 734 555 798 καὶ
568 731 723 818 ὁμόνοιαν
739 746 802 808 τοῖς
819 729 971 819 Ἕλλησιν
985 733 1260 820 ἀνήκονταοίίιίί
1276 733 1314 800 de
1331 736 1469 801 auctoris

226 845 326 932 ipsius
348 845 506 912 sententia
528 864 585 910 nos
609 843 708 910 docet.
734 841 856 929 Nempe
878 863 929 908 res
945 844 1015 929 ipsa
1038 841 1191 908 eiusmodi
1214 863 1306 909 voces
1322 843 1469 930 suppedi-

227 954 319 1018 tavit.
357 951 446 1031 Quod
462 957 568 1019 autern
581 949 833 1038 Volquardsenl)
858 951 988 1034 monuit,
1013 949 1135 1016 nullam
1150 949 1360 1017 Phocensium
1377 953 1469 1016 mise-

227 1060 395 1128 ricordiam
418 1061 451 1126 in
474 1060 564 1127 clade
581 1081 688 1126 eorum
704 1059 909 1126 describenda
924 1059 1070 1146 perspici,
1093 1060 1125 1125 in
1141 1057 1279 1124 Diodoro
1304 1060 1358 1145 (cf.
1375 1081 1471 1146 supra

228 1192 258 1257 p.
277 1171 334 1256 12)
358 1168 438 1234 nihil
464 1168 557 1236 valet.
598 1167 708 1254 Neque
732 1169 833 1252 magis
850 1188 867 1234 e
883 1168 988 1234 verbis
1004 1169 1057 1248 60,
1074 1174 1093 1230 4
1115 1165 1253 1249 οὐμόνον
1269 1167 1369 1243 δόξαν
1385 1167 1470 1232 εὗσε-

227 1283 315 1360 parag
345 1280 398 1342 καί
429 1278 540 1364 ἀρετῆς
568 1279 769 1362 στρατηγικῆς
797 1275 1087 1361 περιποιησάμενος
1106 1274 1199 1339 Ιἄλλοι
1225 1277 1278 1338 καί
1305 1276 1386 1361 πρὸς
1415 1277 1470 1361 τὴν

227 1387 404 1470 μέλλουσαν
427 1385 512 1460 αὐτῷ
535 1385 666 1470 αὔξησιν
688 1383 840 1463 γενέσθαι
863 1383 989 1466 μεγάλα
1009 1383 1398 1469 προπαρασκευασοίμενος
1412 1384 1469 1447 κτλ

229 1493 267 1562 (1ο
295 1493 399 1560 studio
427 1493 563 1559 auctoris
591 1491 666 1578 quid
694 1492 770 1558 certi
799 1489 908 1573 colligi
930 1493 1045 1578 potest.
1091 1489 1234 1577 Philippi
1263 1490 1346 1556 enim
1370 1490 1470 1556 admi-

156 1639 163 1656 ·
228 1603 350 1670 ratione
387 1621 457 1668 eum
486 1599 650 1684 flagrasse,
687 1599 757 1686 quis
785 1619 861 1666 sanc
889 1598 1004 1664 iudicio
1032 1597 1104 1664 inde
1134 1597 1320 1665 concludat?
1359 1598 1470 1664 Alium

229 1708 313 1778 haud
337 1708 429 1776 dubie
446 1709 585 1776 animum
602 1728 627 1776 ο.
648 1710 700 1790 38,
717 1713 735 1772 2
751 1707 848 1775 verba
862 1707 999 1792 spirant:
1029 1707 1166 1792 ηὔξηκώς
1181 1707 1296 1771 ἑαυτοῦ
1311 1708 1366 1792 τὴν
1380 1712 1470 1789 βασι-

229 1818 319 1884 λείαν
343 1829 410 1894 ταῖς
435 1841 466 1882 τε
490 1817 625 1903 πράξεσι
647 1818 701 1880 καί
724 1819 759 1906 τῇ
781 1815 862 1902 πρὸς
886 1816 919 1879 τὸ
944 1821 1037 1879 θετον
1053 1815 1204 1897 εὐσεβείᾳ.
1244 1814 1345 1900 Atqui
1361 1819 1470 1881 auctor

230 1924 285 1994 ille
314 1945 364 1994 res
393 1945 413 1992 a
439 1923 589 2012 Philippo
617 1922 772 1991 Phocaico
800 1922 884 1990 bello
912 1926 1018 2006 gestas
1046 1923 1093 1988 ita
1121 1923 1322 2011 descripsisse
1350 1921 1469 1989 Packio

231 2033 368 2116 videtur,
397 2034 488 2120 quasi
516 2031 720 2098 Macedonum
748 2052 803 2097 rex
826 2013 920 2098 'nulla
948 2031 1012 2097 alia
1039 2053 1073 2098 re
1101 2032 1163 2098 nisi
1190 2053 1314 2098 summa
1342 2031 1471 2096 deorum

231 2143 350 2228 pietate
372 2161 409 2208 ac
429 2139 580 2224 religione
596 2144 756 2225 permotus
773 2138 928 2227 Delphico
944 2138 1064 2226 templo
1080 2139 1285 2227 Apollinique
1301 2138 1471 2205 auxiliatus

229 2254 322 2318 esset.
359 2246 465 2314 Verba
488 2268 513 2314 e.
532 2250 574 2314 38
600 2247 691 2313 modo
716 2249 815 2314 citata
831 2247 983 2314 eiusmodi
999 2249 1120 2314 auctori
1136 2249 1254 2335 optime
1271 2249 1469 2328 conveniunt,

229 2357 284 2424 scd
308 2357 462 2444 quomodo
486 2376 512 2422 c.
539 2358 626 2437 58,3
650 2376 721 2422 omn
744 2355 802 2422 illa
825 2358 982 2424 sententia
1005 2358 1180 2423 consentire
1204 2357 1336 2439 cogitari
1358 2355 1470 2442 possit,

229 2465 308 2532 mihi
331 2464 457 2551 quidem
481 2464 646 2530 obscurum
669 2468 727 2530 est.
775 2463 856 2529 Sunt
879 2464 963 2530 enim
987 2463 1064 2530 haee
1092 2463 1126 2528 »ὁ
1150 2463 1185 2528 δὲ
1207 2463 1354 2545 βασιλεὺς
1376 2461 1473 2548 ἡδέως

228 2571 312 2658 ὁρῶν
335 2572 391 2657 τὴν
415 2576 606 2636 ταπείνωσιν
622 2569 738 2645 αιίτῶν,
753 2573 806 2634 καί
821 2571 1013 2654 βουλόμενος
1030 2572 1068 2634 τὰ
1083 2571 1263 2657 Λευκτρικὰ
1281 2570 1473 2656 φρονήματα

229 2679 386 2744 συστεῖλαι
415 2682 476 2742 τῶν
503 2680 672 2753 Βοιωτῶν,
698 2678 821 2756 ὀλίγους
849 2679 1015 2742 απέστειλε
1043 2674 1244 2765 στρατιώτας,
1271 2677 1348 2742 αιίτὸ
1372 2678 1473 2760 μόνον

231 2787 468 2870 φυλαττόμενος
493 2787 526 2848 τὸ
553 2786 657 2849 δοκεῖν
680 2788 835 2870 περιορᾶν
863 2786 896 2847 τὸ
924 2797 1075 2867 μαντεῖον
1101 2785 1318 2870 σεσυλημένον.
1364 2783 1472 2871 Atque

229 2895 308 2960 haec
336 2897 368 2959 in
392 2914 428 2959 eo
453 2894 557 2979 capite
584 2891 745 2976 leguntur,
775 2891 858 2978 quod
881 2914 1036 2959 summam
1060 2894 1211 2980 pietatem
1236 2891 1473 2978 Volquardseno

231 3007 264 3069 et
278 3001 401 3086 Packio·
419 3021 495 3088 prae
519 3021 553 3067 se
577 3001 657 3068 ferre
681 3000 818 3068 videtur!
854 3000 1083 3084 Argumentum
1106 3002 1203 3085 igitur
1225 3001 1305 3067 illud
1329 3022 1345 3066 e
1370 3000 1473 3067 colore

230 3109 419 3176 narrationis
448 3109 582 3195 petitum
611 3109 644 3175 in
672 3127 697 3174 o.
724 3110 857 3174 58-60
884 3108 964 3174 nihil
991 3110 1129 3196 proficit,
1165 3110 1222 3175 sed
1248 3111 1351 3196 ipsum
1375 3108 1474 3174 aliurn

231 3221 391 3284 auctorem
415 3223 511 3304 atque
535 3219 568 3282 in
591 3235 659 3304 cpp.
679 3219 822 3299 28-33,
848 3218 980 3284 35-40
998 3217 1173 3287 adhibitum
1190 3238 1258 3284 esso
1274 3219 1472 3303 apertissime

231 3327 436 3394 demonstrat.
475 3323 608 3392 Omnino
632 3329 738 3392 autern
763 3327 867 3412 opinio
889 3325 947 3390 illa
959 3324 1189 3413 Volquardseni
1204 3308 1315 3392 Paolrii
1332 3330 1475 3391 extrema

230 3434 388 3501 Diodorea
411 3435 501 3520 parte
524 3431 689 3499 refellitur.

322 3541 460 3607 Transeo
488 3559 570 3607 nunc
598 3539 639 3606 ad
662 3559 687 3606 ο.
715 3541 847 3606 61-64
871 3542 1047 3606 accuratius
1069 3541 1275 3628 inspicienda,
1305 3540 1474 3627 inquibus

231 3649 481 3731 δεισιδαιμονίαν
514 3649 829 3736 superstitionemque
864 3669 958 3735 quam
987 3649 1157 3715 maximam
1186 3653 1293 3715 extare
1321 3646 1473 3714 facillime

231 3757 351 3825 duobus
375 3754 441 3822 illis
465 3754 610 3839 concedo,
635 3776 766 3843 quorum
789 3757 957 3840 sententia,
982 3758 1015 3822 in
1033 3756 1093 3823 hac
1109 3756 1240 3823 Diodori
1259 3761 1349 3842 parte
1366 3759 1474 3822 aucto-

231 3887 298 3932 rem
325 3861 417 3930 illum
445 3884 471 3930 c.
498 3865 631 3931 28-40
656 3904 697 3913 -
722 3863 992 3948 religiosissimum
1017 3903 1058 3912 —
1083 3884 1249 3951 apparere,
1279 3866 1473 3947 argumentis

230 3995 303 4039 mea
326 3971 452 4059 quidem
476 3973 634 4039 sententia
656 3973 851 4056 gravissimis
875 3972 1086 4038 confirmatur.

321 4079 476 4146 Diodorus
504 4080 537 4146 in
560 4079 674 4147 ultima
698 4077 775 4145 belli
798 4079 987 4144 narrationis
1011 4081 1101 4164 parte
1125 4077 1281 4165 supplicia
1304 4077 1473 4162 sacrilego-
1532 4073 1535 4078 ’

231 4209 300 4254 rum
327 4185 559 4253 illustratorum
587 4207 620 4254 se
644 4207 713 4254 esse
736 4188 804 4274 ipse
827 4185 993 4273 profitetur
1016 4187 1089 4272 (61,
1114 4187 1158 4272 1);
1188 4208 1262 4252 nam
1284 4207 1346 4252 non
1370 4186 1473 4252 solum

233 4295 304 4370 τοὺς
326 4297 489 4370 τυθέντας
513 4298 564 4380 τῆς
587 4291 772 4381 ἱεροσυλίας,
794 4293 849 4360 sed
873 4293 970 4358 etiam
990 4312 1097 4358 omnes
1113 4293 1359 4381 quibuscumque
1376 4316 1473 4381 quac-

234 4453 448 4464 -.-...--

308 4529 327 4592 ¹)
347 4550 373 4602 p.
396 4532 454 4585 112.
