3314 5124
679 313 980 426 ·--5ο--ι

170 537 330 606 uallares
354 541 398 606 sit
409 541 443 625 ¹),
468 538 548 606 nihil
571 539 636 604 iam
660 537 828 606 dubitabit.
868 539 1030 608 Demetrio
1055 547 1161 610 autern
1184 565 1223 609 ea
1246 566 1316 612 curn
1332 545 1412 612 Roe-

170 647 271 730 sigero
302 650 347 734 (p.
378 649 437 733 38)
466 645 624 714 tribuendi
652 646 743 714 nulla
773 647 966 734 probabilior
1001 669 1095 717 causa
1129 653 1262 738 proferri
1295 657 1410 739 potest,

170 759 278 822 contra
293 755 409 823 Suidae
433 757 589 824 rationem
612 757 738 822 omnino
756 759 917 843 reputanti
933 762 966 824 et
981 758 1128 846 Dionysii
1143 759 1411 850 PsPlutarchique

169 866 250 930 vitas
274 866 471 951 comparanti
494 865 572 932 mihi
596 869 729 947 constat,
755 865 835 932 nihil
858 863 946 934 aliud
969 867 1011 934 ad
1032 867 1229 936 Demetrium
1253 871 1411 956 pertinere

169 993 262 1058 quam
290 973 516 1040 dissensionem
544 972 636 1038 illam
672 972 712 1039 ab
740 972 907 1061 Hermippi
942 977 1144 1061 sententia2).
1196 975 1409 1060 Roesigcrum,

169 1100 237 1148 cum
260 1101 323 1147 non
347 1081 450 1148 solum
474 1081 532 1147 illa
555 1081 670 1148 Suidae
694 1081 805 1162 verba,
835 1081 891 1148 sed
919 1085 1016 1150 etiam
1038 1081 1202 1150 Plutarchi
1231 1088 1272 1171 (c.
1299 1086 1334 1171 5)
1362 1100 1411 1152 re-

167 1187 318 1256 lationem
341 1193 403 1254 rra
425 1187 468 1266 ὥς
492 1212 572 1266 τινες
595 1190 719 1269 λέγουσι
744 1191 799 1254 τὸν
820 1190 993 1277 ὡρισμένον
1020 1193 1142 1275 μισθὸν
1160 1193 1329 1279 Ἰσοκράτει
1359 1217 1410 1258 το-

168 1296 255 1360 λέσαι
281 1298 324 1382 μα’
352 1297 544 1381 δυνάμενος,
572 1299 627 1372 τὰς
655 1297 731 1363 δέκα
759 1301 859 1380 μνᾶς,
886 1299 940 1362 διὰ
971 1300 1027 1384 τὴν
1055 1297 1218 1386 ὀρφανίαν
1245 1300 1409 1368 Demetrio

166 1403 290 1484 tribuit,
320 1426 509 1492 magnopere
539 1406 692 1472 erravisse
720 1407 802 1472 infra
824 1406 957 1492 patebit.
1005 1407 1232 1495 Hermippeam
1255 1408 1346 1474 illam
1370 1409 1408 1476 de

166 1511 254 1578 Isaeo
283 1511 506 1579 Demosthenis
535 1518 739 1599 praeceptore
768 1513 954 1580 relationem
983 1514 1148 1602 plerosque
1183 1520 1305 1584 secutos
1341 1539 1409 1584 esse

164 1618 396 1688 PsPlutarchus
419 1641 476 1686 nos
499 1620 619 1703 edocet,
646 1617 721 1703 281,
748 1622 767 1686 5
791 1622 833 1696 ὡς
856 1623 887 1686 δ’
910 1621 940 1686 οἱ
963 1623 1106 1688 πλεῖστοι
1130 1623 1288 1708 (ἔφασαν)
1307 1625 1409 1709 Ἰσαίῳ

164 1729 218 1792 κτλ
245 1749 347 1814 neque
376 1727 473 1794 aliam
501 1730 587 1794 vitae
615 1733 742 1796 nostrae
770 1730 909 1796 tradunt.
957 1730 1109 1818 Perpauci
1134 1731 1268 1798 Isocrati
1291 1730 1408 1799 Demo-

164 1836 284 1904 sthenis
300 1837 471 1904 oratoriam
486 1838 717 1904 institutionem
734 1837 983 1921 vindicaverunt,
1001 1838 1294 1907 eodem‘Plutarcho
1311 1845 1406 1908 teste:

164 1944 324 2026 σχολάσας
330 1944 498 2030 Ἰσοκράτει
514 1942 556 2020 ὥς
572 1961 654 2020 τινες
669 1944 796 2030 ἔφασαν
801 1975 812 2025 ,·
828 1945 867 2012 (le
879 1945 1018 2030 Hegesia
1030 1946 1187 2031 Magnete,
1205 1968 1266 2034 quo
1279 1952 1407 2015 auctore

163 2051 393 2120 Demosthenes
416 2056 449 2119 et
465 2053 613 2120 Isocratis
636 2059 670 2119 et
687 2054 769 2120 lsaei
792 2054 968 2141 disciplinis
992 2077 1066 2122 usus
1090 2061 1139 2122 est
1163 2057 1214 2142 (l),
1239 2057 1321 2122 infra
1345 2056 1407 2122 dis-

163 2161 354 2247 putabimus
381 2160 444 2227 Sod
457 2161 634 2228 Isocrateae
647 2163 725 2228 artis
738 2182 865 2248 prorsus
878 2168 1038 2250 expertem
1051 2163 1298 2230 Demosthenem
1310 2165 1406 2232 tuisse

162 2269 245 2336 idem
257 2268 450 2356 Hermippus
465 2271 595 2352 negavit
607 2268 746 2338 Ctesibio
763 2276 898 2354 auctore,
917 2274 970 2360 qui
987 2275 1019 2338 in
1030 2272 1112 2338 libro
1126 2276 1200 2359 περὶ
1214 2274 1408 2358 φιλοσοφίας

162 2377 313 2464 inscripto
337 2377 485 2444 Isocratis
514 2377 709 2465 aliorumque
738 2379 898 2446 rhetorum
928 2385 1013 2447 artes
1040 2375 1112 2448 eum
1141 2380 1309 2464 diligenter
1336 2401 1407 2467 per·

161 2487 349 2554 tractavisse
373 2489 558 2552 narraverat
581 2484 681 2572 (Plut.
707 2507 733 2552 c.
752 2487 797 2571 5).
821 2486 889 2571 ‚Ad
913 2488 1045 2554 eundem
1062 2487 1271 2575 Hermippum
1293 2486 1404 2570 redire,

162 2615 241 2680 quae
258 2592 492 2662 PsPlutarchus
516 2596 591 2675 281,
619 2597 658 2659 17
684 2616 730 2682 sq.
756 2598 789 2660 et
805 2593 918 2662 Suidas
935 2596 980 2682 (l)
1006 2599 1072 2662 ν.9
1097 2615 1143 2682 sq.
1171 2595 1299 2682 (West.)
1324 2593 1405 2663 alius

161 2701 258 2768 alium
282 2701 432 2788 supplens
456 2701 494 2768 de
519 2702 630 2770 eadem
652 2724 686 2768 re
710 2703 872 2790 praebent,
898 2703 1164 2772 verisimillimum
1188 2705 1281 2790 est³).

252 2808 300 2875 Ex
316 2809 425 2876 eodem
437 2808 600 2878 Plutarchi
613 2812 665 2898 (5)
677 2813 782 2898 capite
795 2812 953 2894 discimus,
971 2811 1180 2899 Hermippum
1191 2815 1224 2880 in
1236 2805 1403 2898 anonymis

162 2918 394 2984 commentariis
410 2920 562 3005 scriptum
578 2920 732 2986 invenisse
749 2919 787 2986 de
802 2919 937 2986 Platone
950 2920 1173 2988 Demosthenis
1190 2925 1402 3008 praeceptore.

162 3025 249 3106 Quod
273 3025 357 3092 idern
380 3047 401 3092 a
423 3025 521 3094 Suida
545 3027 605 3114 (l),
630 3027 752 3094 Zosimo
778 3031 853 3109 289,
880 3031 921 3096 38
945 3049 1010 3116 sq.,
1034 3027 1249 3096 PsPlutarcho
1275 3031 1356 3110 281,
1384 3031 1402 3092 7

161 3134 363 3215 testificatur,
388 3136 442 3221 qui
466 3155 536 3200 cum
560 3134 774 3222 Thucydidem
798 3157 868 3202 eum
892 3135 1086 3204 aemulatum
1111 3159 1178 3202 esse
1202 3136 1305 3217 addit,
1333 3157 1404 3202 curn

160 3241 282 3310 Zosimo
313 3244 393 3323 298,
424 3243 466 3308 45
496 3264 591 3308 unam
620 3243 813 3331 eandemque
837 3265 874 3311 ac
897 3265 970 3312 mea
992 3244 1119 3331 quidem
1142 3245 1300 3312 sententia
1323 3243 1404 3310 Her·

160 3351 320 3437 mippeam
343 3349 547 3416 traditionem
571 3355 721 3438 sequitur.
771 3351 887 3431 Quodsi
910 3351 1179 3420 PsPlutarcheum
1206 3352 1310 3420 locum
1339 3354 1404 3418 iam

161 3460 284 3546 saepius
308 3457 485 3525 adhibitum
509 3462 605 3547 (281,
636 3463 738 3547 5-8)
764 3461 942 3528 universum
966 3461 1230 3548 contemplamur,
1256 3463 1301 3526 sic
1324 3460 1403 3526 iudi-

161 3566 294 3634 candum
318 3566 395 3632 mihi
419 3567 552 3650 videtur,
577 3571 750 3636 maximam
773 3573 897 3656 partem
921 3590 993 3636 eum
1008 3569 1177 3654 Hermippi
1198 3569 1340 3651 vestigiis
1357 3571 1403 3634 iu-

160 3677 286 3757 sistere,
318 3673 374 3740 sed
402 3675 434 3739 in
462 3695 532 3740 eam
562 3698 657 3762 quam
685 3697 767 3742 nunc
795 3676 922 3741 exhibet
949 3678 1084 3742 formam
1113 3699 1133 3740 a
1160 3677 1311 3762 scriptore
1340 3676 1403 3742 De-

160 3783 272 3848 metrio
301 3802 363 3848 non
390 3786 548 3870 superiore
577 3784 739 3852 redactum
768 3805 851 3867 esse,
881 3786 954 3868 nisi,
987 3784 1020 3850 id
1048 3784 1132 3871 quod
1160 3784 1238 3850 mihi
1266 3785 1401 3867 videtur,

235 4108 254 4176 ¹)
273 4111 362 4166 Aliter
381 4111 474 4176 Gebh,
493 4128 520 4180 p.
543 4111 583 4166 12.

233 4197 346 4268 ²)Quae
365 4203 446 4256 verba
464 4218 546 4270 supra
564 4203 617 4256 iam
638 4202 811 4270 scripseram,
836 4219 896 4258 oum
916 4202 956 4256 vir
975 4201 1046 4256 doct.
1073 4204 1090 4254 l.
1117 4205 1134 4258 1.
1159 4219 1185 4270 p.
1208 4201 1259 4254 124
1283 4204 1312 4256 et
1332 4202 1400 4258 Geb-

160 4291 274 4346 bardum
293 4309 320 4361 p.
343 4293 376 4346 12
395 4292 466 4346 idem
487 4292 646 4347 iudicavisse
664 4293 795 4348 intellexi.
827 4288 861 4347 ct.
882 4293 969 4358 Daub,
989 4294 1028 4348 Do
1046 4293 1145 4350 Suidae
1164 4292 1400 4360 biographieorum

160 4381 262 4452 origiue
282 4385 310 4436 et
328 4382 390 4448 fide,
410 4382 437 4436 in
457 4383 587 4438 Fleckeis.
608 4385 697 4438 annal.
718 4386 782 4436 tom.
802 4386 892 4452 suppl.
924 4382 1003 4450 1880,
1022 4401 1048 4452 p.
1068 4383 1130 4438 473.
1230 4392 1236 4404 '

230 4468 254 4539 ⁸)
274 4473 306 4528 A.
332 4473 471 4539 Schaefer,
497 4475 554 4537 ,Zu
578 4473 631 4528 deu
649 4473 827 4545 Fragmenten
851 4473 899 4531 des
918 4474 1062 4547 Hermipp“
1084 4475 1111 4527 in
1132 4474 1229 4532 Philol·
1269 4477 1332 4532 tom.
1352 4473 1400 4546 Vl,

159 4579 185 4632 p.
204 4563 358 4618 rav-430.
