<?xml version="1.0" encoding="UTF-8"?>
<!DOCTYPE html PUBLIC "-//W3C//DTD XHTML 1.0 Transitional//EN"
    "http://www.w3.org/TR/xhtml1/DTD/xhtml1-transitional.dtd">
<html xmlns="http://www.w3.org/1999/xhtml" xml:lang="en" lang="en">
 <head>
  <title>
</title>
<meta http-equiv="Content-Type" content="text/html;charset=utf-8" />
  <meta name='ocr-system' content='tesseract 3.04.00' />
  <meta name='ocr-capabilities' content='ocr_page ocr_carea ocr_par ocr_line ocrx_word'/>
</head>
<body>
  <div class='ocr_page' id='page_1' title='image "./defontibusdemos00sturgoog_0038.png"; bbox 0 0 3314 5124; ppageno 0'>
   <div class='ocr_carea' id='block_1_1' title="bbox 670 356 891 422">
    <p class='ocr_par' dir='ltr' id='par_1_1' title="bbox 670 356 891 422">
     <span class='ocr_line' id='line_1_1' title="bbox 670 356 891 422; baseline -0.005 -16"><span class='ocrx_word' id='word_1_1' title='bbox 670 356 891 422; x_wconf 75' lang='lat'>...29..</span> 
     </span>
    </p>
   </div>
   <div class='ocr_carea' id='block_1_2' title="bbox 84 535 1402 2574">
    <p class='ocr_par' dir='ltr' id='par_1_2' title="bbox 158 535 1400 1277">
     <span class='ocr_line' id='line_1_2' title="bbox 158 535 1398 625; baseline -0.001 -20"><span class='ocrx_word' id='word_1_2' title='bbox 158 559 307 623; x_wconf 88' lang='lat' dir='ltr'>magnam</span> <span class='ocrx_word' id='word_1_3' title='bbox 346 540 474 625; x_wconf 90' lang='lat' dir='ltr'>partem</span> <span class='ocrx_word' id='word_1_4' title='bbox 503 535 662 604; x_wconf 91' lang='lat' dir='ltr'>Diodorea</span> <span class='ocrx_word' id='word_1_5' title='bbox 696 537 900 604; x_wconf 79' lang='lat' dir='ltr'>Timoleontis</span> <span class='ocrx_word' id='word_1_6' title='bbox 936 559 1039 603; x_wconf 91' lang='lat' dir='ltr'>rerum</span> <span class='ocrx_word' id='word_1_7' title='bbox 1078 538 1235 604; x_wconf 76' lang='lat' dir='ltr'>enarratio</span> <span class='ocrx_word' id='word_1_8' title='bbox 1271 535 1398 604; x_wconf 83' lang='lat' dir='ltr'>Timaeo</span> 
     </span>
     <span class='ocr_line' id='line_1_3' title="bbox 160 645 1400 734; baseline 0 -20"><span class='ocrx_word' id='word_1_9' title='bbox 160 647 369 714; x_wconf 87' lang='lat' dir='ltr'>abiudicanda</span> <span class='ocrx_word' id='word_1_10' title='bbox 396 653 454 713; x_wconf 90' lang='lat' dir='ltr'>est.</span> <span class='ocrx_word' id='word_1_11' title='bbox 491 646 585 712; x_wconf 86' lang='lat' dir='ltr'>¹Nam</span> <span class='ocrx_word' id='word_1_12' title='bbox 613 645 735 733; x_wconf 89' lang='lat' dir='ltr'>reliqua</span> <span class='ocrx_word' id='word_1_13' title='bbox 764 667 884 733; x_wconf 89' lang='lat' dir='ltr'>quoque</span> <span class='ocrx_word' id='word_1_14' title='bbox 913 649 1033 734; x_wconf 88' lang='lat' dir='ltr'>capita,</span> <span class='ocrx_word' id='word_1_15' title='bbox 1063 667 1142 733; x_wconf 88' lang='lat' dir='ltr'>quae</span> <span class='ocrx_word' id='word_1_16' title='bbox 1170 668 1252 714; x_wconf 90' lang='lat' dir='ltr'>nunc</span> <span class='ocrx_word' id='word_1_17' title='bbox 1275 648 1400 732; x_wconf 90' lang='lat' dir='ltr'>singula</span> 
     </span>
     <span class='ocr_line' id='line_1_4' title="bbox 159 755 1399 844; baseline 0 -22"><span class='ocrx_word' id='word_1_18' title='bbox 159 759 373 844; x_wconf 80' lang='lat' dir='ltr'>pervestigare</span> <span class='ocrx_word' id='word_1_19' title='bbox 403 759 529 835; x_wconf 87' lang='lat' dir='ltr'>omitto,</span> <span class='ocrx_word' id='word_1_20' title='bbox 565 777 756 842; x_wconf 89' lang='lat' dir='ltr'>quamquam</span> <span class='ocrx_word' id='word_1_21' title='bbox 785 756 968 842; x_wconf 89' lang='lat' dir='ltr'>plerumque</span> <span class='ocrx_word' id='word_1_22' title='bbox 997 777 1192 822; x_wconf 88' lang='lat' dir='ltr'>communem</span> <span class='ocrx_word' id='word_1_23' title='bbox 1226 777 1296 822; x_wconf 92' lang='lat' dir='ltr'>cum</span> <span class='ocrx_word' id='word_1_24' title='bbox 1324 755 1364 822; x_wconf 88' lang='lat' dir='ltr'>Pl</span> <span class='ocrx_word' id='word_1_25' title='bbox 1385 797 1399 806; x_wconf 98' lang='lat'>-</span> 
     </span>
     <span class='ocr_line' id='line_1_5' title="bbox 158 864 1400 952; baseline -0.002 -20"><span class='ocrx_word' id='word_1_26' title='bbox 158 867 269 932; x_wconf 83' lang='lat' dir='ltr'>tancho</span> <span class='ocrx_word' id='word_1_27' title='bbox 294 864 479 931; x_wconf 88' lang='lat' dir='ltr'>relationem</span> <span class='ocrx_word' id='word_1_28' title='bbox 503 864 632 930; x_wconf 89' lang='lat' dir='ltr'>reddere</span> <span class='ocrx_word' id='word_1_29' title='bbox 655 865 802 931; x_wconf 84' lang='lat' dir='ltr'>videntur</span> <span class='ocrx_word' id='word_1_30' title='bbox 812 868 846 950; x_wconf 83' lang='lat'>¹),</span> <span class='ocrx_word' id='word_1_31' title='bbox 875 870 983 931; x_wconf 90' lang='lat' dir='ltr'>tamen</span> <span class='ocrx_word' id='word_1_32' title='bbox 1006 865 1224 952; x_wconf 88' lang='lat' dir='ltr'>discrepantiis</span> <span class='ocrx_word' id='word_1_33' title='bbox 1248 865 1400 931; x_wconf 90' lang='lat' dir='ltr'>eiusmodi</span> 
     </span>
     <span class='ocr_line' id='line_1_6' title="bbox 159 972 1400 1060; baseline 0 -21"><span class='ocrx_word' id='word_1_34' title='bbox 159 995 220 1039; x_wconf 92' lang='lat' dir='ltr'>non</span> <span class='ocrx_word' id='word_1_35' title='bbox 249 978 371 1053; x_wconf 79' lang='lat' dir='ltr'>carent,</span> <span class='ocrx_word' id='word_1_36' title='bbox 408 995 488 1060; x_wconf 88' lang='lat' dir='ltr'>quae</span> <span class='ocrx_word' id='word_1_37' title='bbox 519 973 559 1039; x_wconf 90' lang='lat' dir='ltr'>ad</span> <span class='ocrx_word' id='word_1_38' title='bbox 588 972 685 1038; x_wconf 90' lang='lat' dir='ltr'>alium</span> <span class='ocrx_word' id='word_1_39' title='bbox 714 980 873 1039; x_wconf 83' lang='lat' dir='ltr'>auctorem</span> <span class='ocrx_word' id='word_1_40' title='bbox 901 975 1076 1040; x_wconf 88' lang='lat' dir='ltr'>necessario</span> <span class='ocrx_word' id='word_1_41' title='bbox 1105 973 1235 1039; x_wconf 88' lang='lat' dir='ltr'>Diodori</span> <span class='ocrx_word' id='word_1_42' title='bbox 1262 974 1400 1039; x_wconf 87' lang='lat' dir='ltr'>rationes</span> 
     </span>
     <span class='ocr_line' id='line_1_7' title="bbox 159 1081 1400 1168; baseline -0.002 -20"><span class='ocrx_word' id='word_1_43' title='bbox 159 1087 251 1148; x_wconf 89' lang='lat' dir='ltr'>caute</span> <span class='ocrx_word' id='word_1_44' title='bbox 276 1082 487 1168; x_wconf 87' lang='lat' dir='ltr'>expendentes</span> <span class='ocrx_word' id='word_1_45' title='bbox 510 1103 566 1148; x_wconf 89' lang='lat' dir='ltr'>nos</span> <span class='ocrx_word' id='word_1_46' title='bbox 590 1081 713 1149; x_wconf 91' lang='lat' dir='ltr'>ducant.</span> <span class='ocrx_word' id='word_1_47' title='bbox 754 1081 826 1164; x_wconf 89' lang='lat' dir='ltr'>Sed,</span> <span class='ocrx_word' id='word_1_48' title='bbox 851 1087 886 1147; x_wconf 91' lang='lat' dir='ltr'>ut</span> <span class='ocrx_word' id='word_1_49' title='bbox 902 1103 996 1168; x_wconf 88' lang='lat' dir='ltr'>supra</span> <span class='ocrx_word' id='word_1_50' title='bbox 1012 1081 1086 1164; x_wconf 84' lang='lat' dir='ltr'>dixi,</span> <span class='ocrx_word' id='word_1_51' title='bbox 1111 1083 1327 1168; x_wconf 89' lang='lat' dir='ltr'>quaestionem</span> <span class='ocrx_word' id='word_1_52' title='bbox 1345 1081 1400 1146; x_wconf 92' lang='lat' dir='ltr'>ab·</span> 
     </span>
     <span class='ocr_line' id='line_1_8' title="bbox 159 1190 768 1277; baseline -0.002 -21"><span class='ocrx_word' id='word_1_53' title='bbox 159 1190 282 1256; x_wconf 89' lang='lat' dir='ltr'>solvere</span> <span class='ocrx_word' id='word_1_54' title='bbox 305 1211 367 1256; x_wconf 92' lang='lat' dir='ltr'>non</span> <span class='ocrx_word' id='word_1_55' title='bbox 390 1191 468 1255; x_wconf 93' lang='lat' dir='ltr'>mihi</span> <span class='ocrx_word' id='word_1_56' title='bbox 492 1191 686 1277; x_wconf 87' lang='lat' dir='ltr'>propositum</span> <span class='ocrx_word' id='word_1_57' title='bbox 710 1194 768 1257; x_wconf 88' lang='lat' dir='ltr'>est.</span> 
     </span>
    </p>

    <p class='ocr_par' dir='ltr' id='par_1_3' title="bbox 159 1297 1402 2359">
     <span class='ocr_line' id='line_1_9' title="bbox 250 1297 1400 1387; baseline 0.001 -23"><span class='ocrx_word' id='word_1_58' title='bbox 250 1297 404 1377; x_wconf 79' lang='lat' dir='ltr'>Quoniam</span> <span class='ocrx_word' id='word_1_59' title='bbox 439 1303 612 1366; x_wconf 87' lang='lat' dir='ltr'>sententias</span> <span class='ocrx_word' id='word_1_60' title='bbox 641 1299 741 1366; x_wconf 87' lang='lat' dir='ltr'>adhuc</span> <span class='ocrx_word' id='word_1_61' title='bbox 770 1299 910 1387; x_wconf 87' lang='lat' dir='ltr'>prolatas</span> <span class='ocrx_word' id='word_1_62' title='bbox 933 1301 1088 1385; x_wconf 88' lang='lat' dir='ltr'>imprimis</span> <span class='ocrx_word' id='word_1_63' title='bbox 1111 1299 1266 1365; x_wconf 87' lang='lat' dir='ltr'>notandas</span> <span class='ocrx_word' id='word_1_64' title='bbox 1294 1319 1400 1365; x_wconf 91' lang='lat' dir='ltr'>recen-</span> 
     </span>
     <span class='ocr_line' id='line_1_10' title="bbox 159 1405 1400 1494; baseline -0.002 -21"><span class='ocrx_word' id='word_1_65' title='bbox 159 1410 216 1489; x_wconf 92' lang='lat' dir='ltr'>sui,</span> <span class='ocrx_word' id='word_1_66' title='bbox 241 1427 322 1472; x_wconf 89' lang='lat' dir='ltr'>nunc</span> <span class='ocrx_word' id='word_1_67' title='bbox 346 1428 450 1472; x_wconf 90' lang='lat' dir='ltr'>meum</span> <span class='ocrx_word' id='word_1_68' title='bbox 474 1409 526 1486; x_wconf 92' lang='lat' dir='ltr'>sit,</span> <span class='ocrx_word' id='word_1_69' title='bbox 555 1428 635 1494; x_wconf 91' lang='lat' dir='ltr'>quae</span> <span class='ocrx_word' id='word_1_70' title='bbox 658 1408 719 1493; x_wconf 89' lang='lat' dir='ltr'>ipsi</span> <span class='ocrx_word' id='word_1_71' title='bbox 742 1408 818 1472; x_wconf 90' lang='lat' dir='ltr'>mihi</span> <span class='ocrx_word' id='word_1_72' title='bbox 843 1405 881 1472; x_wconf 92' lang='lat' dir='ltr'>de</span> <span class='ocrx_word' id='word_1_73' title='bbox 905 1406 1083 1472; x_wconf 88' lang='lat' dir='ltr'>auctoribus</span> <span class='ocrx_word' id='word_1_74' title='bbox 1107 1428 1127 1471; x_wconf 87' lang='lat' dir='ltr'>a</span> <span class='ocrx_word' id='word_1_75' title='bbox 1149 1405 1287 1472; x_wconf 90' lang='lat' dir='ltr'>Diodoro</span> <span class='ocrx_word' id='word_1_76' title='bbox 1312 1406 1400 1473; x_wconf 90' lang='lat' dir='ltr'>adhi-</span> 
     </span>
     <span class='ocr_line' id='line_1_11' title="bbox 162 1515 1400 1602; baseline -0.001 -21"><span class='ocrx_word' id='word_1_77' title='bbox 162 1517 235 1582; x_wconf 90' lang='lat' dir='ltr'>bitis</span> <span class='ocrx_word' id='word_1_78' title='bbox 259 1515 428 1581; x_wconf 87' lang='lat' dir='ltr'>statuenda</span> <span class='ocrx_word' id='word_1_79' title='bbox 450 1515 625 1596; x_wconf 86' lang='lat' dir='ltr'>videantur,</span> <span class='ocrx_word' id='word_1_80' title='bbox 651 1519 825 1582; x_wconf 78' lang='lat' dir='ltr'>accuratius</span> <span class='ocrx_word' id='word_1_81' title='bbox 846 1515 1012 1602; x_wconf 85' lang='lat' dir='ltr'>explicare.</span> <span class='ocrx_word' id='word_1_82' title='bbox 1049 1516 1111 1582; x_wconf 86' lang='lat' dir='ltr'>Sed</span> <span class='ocrx_word' id='word_1_83' title='bbox 1128 1517 1238 1597; x_wconf 86' lang='lat' dir='ltr'>fateor,</span> <span class='ocrx_word' id='word_1_84' title='bbox 1263 1515 1400 1581; x_wconf 90' lang='lat' dir='ltr'>nondum</span> 
     </span>
     <span class='ocr_line' id='line_1_12' title="bbox 160 1623 1401 1710; baseline 0 -22"><span class='ocrx_word' id='word_1_85' title='bbox 160 1624 237 1688; x_wconf 90' lang='lat' dir='ltr'>mihi</span> <span class='ocrx_word' id='word_1_86' title='bbox 268 1625 449 1706; x_wconf 77' lang='lat' dir='ltr'>contigisse,</span> <span class='ocrx_word' id='word_1_87' title='bbox 480 1628 516 1689; x_wconf 87' lang='lat' dir='ltr'>ut</span> <span class='ocrx_word' id='word_1_88' title='bbox 544 1627 596 1689; x_wconf 91' lang='lat' dir='ltr'>uni</span> <span class='ocrx_word' id='word_1_89' title='bbox 620 1646 658 1690; x_wconf 84' lang='lat' dir='ltr'>ex</span> <span class='ocrx_word' id='word_1_90' title='bbox 681 1624 851 1705; x_wconf 66' lang='lat' dir='ltr'>historicis</span> <span class='ocrx_word' id='word_1_91' title='bbox 882 1645 959 1710; x_wconf 89' lang='lat' dir='ltr'>quos</span> <span class='ocrx_word' id='word_1_92' title='bbox 981 1623 1103 1710; x_wconf 85' lang='lat' dir='ltr'>Pack²)</span> <span class='ocrx_word' id='word_1_93' title='bbox 1128 1624 1323 1689; x_wconf 84' lang='lat' dir='ltr'>enumeravit</span> <span class='ocrx_word' id='word_1_94' title='bbox 1346 1627 1401 1688; x_wconf 92' lang='lat' dir='ltr'>aut</span> 
     </span>
     <span class='ocr_line' id='line_1_13' title="bbox 160 1730 1399 1818; baseline 0.002 -22"><span class='ocrx_word' id='word_1_95' title='bbox 160 1733 296 1817; x_wconf 90' lang='lat' dir='ltr'>priorem</span> <span class='ocrx_word' id='word_1_96' title='bbox 332 1735 387 1796; x_wconf 88' lang='lat' dir='ltr'>aut</span> <span class='ocrx_word' id='word_1_97' title='bbox 422 1730 557 1797; x_wconf 89' lang='lat' dir='ltr'>alteram</span> <span class='ocrx_word' id='word_1_98' title='bbox 586 1731 716 1797; x_wconf 89' lang='lat' dir='ltr'>duarum</span> <span class='ocrx_word' id='word_1_99' title='bbox 744 1731 887 1813; x_wconf 86' lang='lat' dir='ltr'>illarum,</span> <span class='ocrx_word' id='word_1_100' title='bbox 924 1752 1002 1818; x_wconf 89' lang='lat' dir='ltr'>quas</span> <span class='ocrx_word' id='word_1_101' title='bbox 1031 1733 1148 1798; x_wconf 88' lang='lat' dir='ltr'>eruisse</span> <span class='ocrx_word' id='word_1_102' title='bbox 1176 1732 1254 1797; x_wconf 91' lang='lat' dir='ltr'>mihi</span> <span class='ocrx_word' id='word_1_103' title='bbox 1282 1732 1399 1814; x_wconf 83' lang='lat' dir='ltr'>videor,</span> 
     </span>
     <span class='ocr_line' id='line_1_14' title="bbox 160 1838 1401 1917; baseline 0.001 -14"><span class='ocrx_word' id='word_1_104' title='bbox 160 1838 349 1904; x_wconf 82' lang='lat' dir='ltr'>relationum</span> <span class='ocrx_word' id='word_1_105' title='bbox 389 1839 590 1906; x_wconf 86' lang='lat' dir='ltr'>vindicarem.</span> <span class='ocrx_word' id='word_1_106' title='bbox 646 1838 855 1917; x_wconf 79' lang='lat' dir='ltr'>Quamobrem</span> <span class='ocrx_word' id='word_1_107' title='bbox 893 1861 932 1906; x_wconf 90' lang='lat' dir='ltr'>ne</span> <span class='ocrx_word' id='word_1_108' title='bbox 967 1840 1101 1907; x_wconf 88' lang='lat' dir='ltr'>aliorum</span> <span class='ocrx_word' id='word_1_109' title='bbox 1135 1843 1308 1906; x_wconf 88' lang='lat' dir='ltr'>sententias</span> <span class='ocrx_word' id='word_1_110' title='bbox 1342 1841 1401 1904; x_wconf 93' lang='lat' dir='ltr'>im-</span> 
     </span>
     <span class='ocr_line' id='line_1_15' title="bbox 160 1947 1400 2034; baseline 0.002 -24"><span class='ocrx_word' id='word_1_111' title='bbox 160 1967 315 2032; x_wconf 84' lang='lat' dir='ltr'>pugnare,</span> <span class='ocrx_word' id='word_1_112' title='bbox 339 1948 406 2032; x_wconf 91' lang='lat' dir='ltr'>ipse</span> <span class='ocrx_word' id='word_1_113' title='bbox 431 1952 537 2012; x_wconf 89' lang='lat' dir='ltr'>autem</span> <span class='ocrx_word' id='word_1_114' title='bbox 561 1947 682 2012; x_wconf 89' lang='lat' dir='ltr'>nullam</span> <span class='ocrx_word' id='word_1_115' title='bbox 706 1949 844 2034; x_wconf 89' lang='lat' dir='ltr'>proferre</span> <span class='ocrx_word' id='word_1_116' title='bbox 868 1968 960 2034; x_wconf 91' lang='lat' dir='ltr'>posse</span> <span class='ocrx_word' id='word_1_117' title='bbox 984 1947 1107 2030; x_wconf 88' lang='lat' dir='ltr'>videar,</span> <span class='ocrx_word' id='word_1_118' title='bbox 1137 1949 1265 2013; x_wconf 92' lang='lat' dir='ltr'>minime</span> <span class='ocrx_word' id='word_1_119' title='bbox 1288 1949 1400 2030; x_wconf 82' lang='lat' dir='ltr'>time03</span> 
     </span>
     <span class='ocr_line' id='line_1_16' title="bbox 160 2053 1402 2142; baseline 0.002 -24"><span class='ocrx_word' id='word_1_120' title='bbox 160 2055 182 2118; x_wconf 91' lang='lat' dir='ltr'>ii</span> <span class='ocrx_word' id='word_1_121' title='bbox 205 2055 260 2140; x_wconf 91' lang='lat' dir='ltr'>qui</span> <span class='ocrx_word' id='word_1_122' title='bbox 283 2054 355 2120; x_wconf 93' lang='lat' dir='ltr'>huic</span> <span class='ocrx_word' id='word_1_123' title='bbox 377 2057 556 2141; x_wconf 90' lang='lat' dir='ltr'>quaestioni</span> <span class='ocrx_word' id='word_1_124' title='bbox 579 2055 719 2142; x_wconf 88' lang='lat' dir='ltr'>aliquam</span> <span class='ocrx_word' id='word_1_125' title='bbox 744 2077 850 2122; x_wconf 88' lang='lat' dir='ltr'>curam</span> <span class='ocrx_word' id='word_1_126' title='bbox 874 2055 1085 2142; x_wconf 85' lang='lat' dir='ltr'>impenderint</span> <span class='ocrx_word' id='word_1_127' title='bbox 1113 2055 1205 2121; x_wconf 88' lang='lat' dir='ltr'>facile</span> <span class='ocrx_word' id='word_1_128' title='bbox 1228 2056 1306 2121; x_wconf 92' lang='lat' dir='ltr'>mihi</span> <span class='ocrx_word' id='word_1_129' title='bbox 1330 2053 1402 2122; x_wconf 57' lang='lat' dir='ltr'>oonss</span> 
     </span>
     <span class='ocr_line' id='line_1_17' title="bbox 161 2161 1402 2250; baseline 0 -22"><span class='ocrx_word' id='word_1_130' title='bbox 161 2161 286 2243; x_wconf 86' lang='lat' dir='ltr'>cedent,</span> <span class='ocrx_word' id='word_1_131' title='bbox 317 2163 431 2229; x_wconf 89' lang='lat' dir='ltr'>rectius</span> <span class='ocrx_word' id='word_1_132' title='bbox 455 2183 522 2230; x_wconf 90' lang='lat' dir='ltr'>esse</span> <span class='ocrx_word' id='word_1_133' title='bbox 546 2165 579 2228; x_wconf 92' lang='lat' dir='ltr'>in</span> <span class='ocrx_word' id='word_1_134' title='bbox 602 2165 786 2231; x_wconf 89' lang='lat' dir='ltr'>miserrimis</span> <span class='ocrx_word' id='word_1_135' title='bbox 810 2164 1029 2230; x_wconf 89' lang='lat' dir='ltr'>historicorum</span> <span class='ocrx_word' id='word_1_136' title='bbox 1052 2163 1178 2229; x_wconf 90' lang='lat' dir='ltr'>illorum</span> <span class='ocrx_word' id='word_1_137' title='bbox 1202 2184 1331 2250; x_wconf 92' lang='lat' dir='ltr'>operum</span> <span class='ocrx_word' id='word_1_138' title='bbox 1354 2185 1402 2228; x_wconf 92' lang='lat' dir='ltr'>re-</span> 
     </span>
     <span class='ocr_line' id='line_1_18' title="bbox 161 2269 1399 2359; baseline 0.003 -25"><span class='ocrx_word' id='word_1_139' title='bbox 161 2269 266 2356; x_wconf 89' lang='lat' dir='ltr'>liquiis</span> <span class='ocrx_word' id='word_1_140' title='bbox 290 2275 394 2336; x_wconf 89' lang='lat' dir='ltr'>tacere</span> <span class='ocrx_word' id='word_1_141' title='bbox 418 2293 513 2357; x_wconf 88' lang='lat' dir='ltr'>quam</span> <span class='ocrx_word' id='word_1_142' title='bbox 538 2274 730 2338; x_wconf 89' lang='lat' dir='ltr'>coniecturas</span> <span class='ocrx_word' id='word_1_143' title='bbox 752 2275 837 2337; x_wconf 93' lang='lat' dir='ltr'>omni</span> <span class='ocrx_word' id='word_1_144' title='bbox 853 2272 1078 2358; x_wconf 84' lang='lat' dir='ltr'>probabilitate</span> <span class='ocrx_word' id='word_1_145' title='bbox 1095 2277 1236 2339; x_wconf 85' lang='lat' dir='ltr'>carentes</span> <span class='ocrx_word' id='word_1_146' title='bbox 1252 2273 1399 2359; x_wconf 89' lang='lat' dir='ltr'>proferre.</span> 
     </span>
    </p>

    <p class='ocr_par' dir='ltr' id='par_1_4' title="bbox 84 2377 1401 2574">
     <span class='ocr_line' id='line_1_19' title="bbox 161 2377 1401 2465; baseline 0.002 -23"><span class='ocrx_word' id='word_1_147' title='bbox 161 2377 258 2464; x_wconf 88' lang='lat' dir='ltr'>Spero</span> <span class='ocrx_word' id='word_1_148' title='bbox 284 2379 349 2443; x_wconf 87' lang='lat' dir='ltr'>fore</span> <span class='ocrx_word' id='word_1_149' title='bbox 373 2383 408 2444; x_wconf 89' lang='lat' dir='ltr'>ut</span> <span class='ocrx_word' id='word_1_150' title='bbox 431 2378 546 2465; x_wconf 89' lang='lat' dir='ltr'>aliquis</span> <span class='ocrx_word' id='word_1_151' title='bbox 570 2399 620 2444; x_wconf 90' lang='lat' dir='ltr'>me</span> <span class='ocrx_word' id='word_1_152' title='bbox 645 2379 765 2445; x_wconf 88' lang='lat' dir='ltr'>doctior</span> <span class='ocrx_word' id='word_1_153' title='bbox 788 2381 1003 2465; x_wconf 90' lang='lat' dir='ltr'>quaestionem</span> <span class='ocrx_word' id='word_1_154' title='bbox 1020 2380 1100 2446; x_wconf 89' lang='lat' dir='ltr'>hanc</span> <span class='ocrx_word' id='word_1_155' title='bbox 1117 2379 1158 2445; x_wconf 88' lang='lat' dir='ltr'>ad</span> <span class='ocrx_word' id='word_1_156' title='bbox 1173 2382 1291 2445; x_wconf 87' lang='lat' dir='ltr'>iustum</span> <span class='ocrx_word' id='word_1_157' title='bbox 1307 2380 1401 2445; x_wconf 88' lang='lat' dir='ltr'>finem</span> 
     </span>
     <span class='ocr_line' id='line_1_20' title="bbox 84 2473 1401 2574; baseline 0.001 -23"><span class='ocrx_word' id='word_1_158' title='bbox 84 2473 85 2476; x_wconf 24' lang='lat'>¹</span> <span class='ocrx_word' id='word_1_159' title='bbox 161 2485 312 2571; x_wconf 86' lang='lat' dir='ltr'>perducat</span> <span class='ocrx_word' id='word_1_160' title='bbox 339 2491 433 2572; x_wconf 85' lang='lat' dir='ltr'>atque</span> <span class='ocrx_word' id='word_1_161' title='bbox 458 2508 614 2552; x_wconf 91' lang='lat' dir='ltr'>summum</span> <span class='ocrx_word' id='word_1_162' title='bbox 638 2507 750 2573; x_wconf 87' lang='lat' dir='ltr'>operae</span> <span class='ocrx_word' id='word_1_163' title='bbox 774 2489 910 2574; x_wconf 89' lang='lat' dir='ltr'>pretium</span> <span class='ocrx_word' id='word_1_164' title='bbox 933 2488 1010 2552; x_wconf 90' lang='lat' dir='ltr'>mihi</span> <span class='ocrx_word' id='word_1_165' title='bbox 1035 2490 1215 2570; x_wconf 87' lang='lat' dir='ltr'>contigerit,</span> <span class='ocrx_word' id='word_1_166' title='bbox 1246 2489 1273 2554; x_wconf 91' lang='lat' dir='ltr'>si</span> <span class='ocrx_word' id='word_1_167' title='bbox 1296 2487 1401 2574; x_wconf 91' lang='lat' dir='ltr'>dispu-</span> 
     </span>
    </p>
   </div>
   <div class='ocr_carea' id='block_1_3' title="bbox 161 2595 971 2662">
    <p class='ocr_par' dir='ltr' id='par_1_5' title="bbox 161 2595 971 2662">
     <span class='ocr_line' id='line_1_21' title="bbox 161 2595 971 2662; baseline 0.005 -4"><span class='ocrx_word' id='word_1_168' title='bbox 161 2596 239 2659; x_wconf 88' lang='lat' dir='ltr'>tatio</span> <span class='ocrx_word' id='word_1_169' title='bbox 263 2615 337 2660; x_wconf 92' lang='lat' dir='ltr'>mea</span> <span class='ocrx_word' id='word_1_170' title='bbox 358 2615 421 2660; x_wconf 92' lang='lat' dir='ltr'>non</span> <span class='ocrx_word' id='word_1_171' title='bbox 444 2596 561 2662; x_wconf 85' lang='lat' dir='ltr'>frustra</span> <span class='ocrx_word' id='word_1_172' title='bbox 583 2597 731 2661; x_wconf 87' lang='lat' dir='ltr'>instituta</span> <span class='ocrx_word' id='word_1_173' title='bbox 753 2598 781 2662; x_wconf 90' lang='lat' dir='ltr'>ei</span> <span class='ocrx_word' id='word_1_174' title='bbox 805 2595 971 2662; x_wconf 86' lang='lat' dir='ltr'>videbitur.</span> 
     </span>
    </p>
   </div>
   <div class='ocr_carea' id='block_1_4' title="bbox 673 2834 889 2844">
    <p class='ocr_par' dir='ltr' id='par_1_6' title="bbox 673 2834 889 2844">
     <span class='ocr_line' id='line_1_22' title="bbox 673 2834 889 2844; baseline -0.009 0"><span class='ocrx_word' id='word_1_175' title='bbox 673 2834 889 2844; x_wconf 44' lang='lat' dir='ltr'>——ss-a-—a</span> 
     </span>
    </p>
   </div>
   <div class='ocr_carea' id='block_1_5' title="bbox 469 3069 1122 3152">
    <p class='ocr_par' dir='ltr' id='par_1_7' title="bbox 469 3069 1122 3152">
     <span class='ocr_line' id='line_1_23' title="bbox 469 3069 1122 3152; baseline -0.003 0"><span class='ocrx_word' id='word_1_176' title='bbox 469 3071 521 3152; x_wconf 90' lang='grc' dir='ltr'>ΙΙ.</span> <span class='ocrx_word' id='word_1_177' title='bbox 561 3070 628 3152; x_wconf 88' lang='lat' dir='ltr'>De</span> <span class='ocrx_word' id='word_1_178' title='bbox 660 3071 756 3151; x_wconf 81' lang='lat' dir='ltr'>vitis</span> <span class='ocrx_word' id='word_1_179' title='bbox 788 3069 1122 3152; x_wconf 55' lang='lat' dir='ltr'>Demosthenis(</span> 
     </span>
    </p>
   </div>
   <div class='ocr_carea' id='block_1_6' title="bbox 117 3242 1400 4196">
    <p class='ocr_par' dir='ltr' id='par_1_8' title="bbox 117 3242 1400 4196">
     <span class='ocr_line' id='line_1_24' title="bbox 249 3242 1400 3328; baseline 0 -18"><span class='ocrx_word' id='word_1_180' title='bbox 249 3243 297 3310; x_wconf 90' lang='lat' dir='ltr'>De</span> <span class='ocrx_word' id='word_1_181' title='bbox 326 3245 400 3310; x_wconf 90' lang='lat' dir='ltr'>vitis</span> <span class='ocrx_word' id='word_1_182' title='bbox 424 3244 648 3310; x_wconf 89' lang='lat' dir='ltr'>Demosthenis</span> <span class='ocrx_word' id='word_1_183' title='bbox 676 3265 756 3328; x_wconf 87' lang='lat' dir='ltr'>quae</span> <span class='ocrx_word' id='word_1_184' title='bbox 785 3265 805 3308; x_wconf 90' lang='lat' dir='ltr'>a</span> <span class='ocrx_word' id='word_1_185' title='bbox 828 3242 1012 3324; x_wconf 89' lang='lat' dir='ltr'>Plutarcho,</span> <span class='ocrx_word' id='word_1_186' title='bbox 1042 3243 1082 3309; x_wconf 93' lang='lat' dir='ltr'>ab</span> <span class='ocrx_word' id='word_1_187' title='bbox 1110 3249 1235 3311; x_wconf 86' lang='lat' dir='ltr'>auctore</span> <span class='ocrx_word' id='word_1_188' title='bbox 1264 3245 1400 3312; x_wconf 88' lang='lat' dir='ltr'>vitarum</span> 
     </span>
     <span class='ocr_line' id='line_1_25' title="bbox 160 3349 1400 3439; baseline 0.001 -21"><span class='ocrx_word' id='word_1_189' title='bbox 160 3353 267 3418; x_wconf 89' lang='lat' dir='ltr'>decem</span> <span class='ocrx_word' id='word_1_190' title='bbox 284 3357 452 3432; x_wconf 86' lang='lat' dir='ltr'>oratorum,</span> <span class='ocrx_word' id='word_1_191' title='bbox 477 3351 635 3434; x_wconf 89' lang='lat' dir='ltr'>aPhotio,</span> <span class='ocrx_word' id='word_1_192' title='bbox 660 3351 802 3433; x_wconf 88' lang='lat' dir='ltr'>Libani0,</span> <span class='ocrx_word' id='word_1_193' title='bbox 827 3349 960 3432; x_wconf 89' lang='lat' dir='ltr'>Zosimo,</span> <span class='ocrx_word' id='word_1_194' title='bbox 983 3372 1018 3416; x_wconf 91' lang='lat' dir='ltr'>co</span> <span class='ocrx_word' id='word_1_195' title='bbox 1035 3353 1089 3438; x_wconf 91' lang='lat' dir='ltr'>qui</span> <span class='ocrx_word' id='word_1_196' title='bbox 1104 3352 1199 3436; x_wconf 86' lang='lat' dir='ltr'>vulgo</span> <span class='ocrx_word' id='word_1_197' title='bbox 1214 3351 1400 3439; x_wconf 85' lang='lat' dir='ltr'>Anonymus</span> 
     </span>
     <span class='ocr_line' id='line_1_26' title="bbox 117 3459 1400 3546; baseline 0.001 -21"><span class='ocrx_word' id='word_1_198' title='bbox 117 3497 125 3513; x_wconf 65' lang='lat'>,</span> <span class='ocrx_word' id='word_1_199' title='bbox 159 3462 267 3542; x_wconf 87' lang='lat' dir='ltr'>fertur,</span> <span class='ocrx_word' id='word_1_200' title='bbox 297 3459 393 3525; x_wconf 87' lang='lat' dir='ltr'>Suida</span> <span class='ocrx_word' id='word_1_201' title='bbox 417 3462 551 3546; x_wconf 89' lang='lat' dir='ltr'>scriptae</span> <span class='ocrx_word' id='word_1_202' title='bbox 576 3460 616 3527; x_wconf 92' lang='lat' dir='ltr'>ad</span> <span class='ocrx_word' id='word_1_203' title='bbox 639 3481 695 3527; x_wconf 93' lang='lat' dir='ltr'>nos</span> <span class='ocrx_word' id='word_1_204' title='bbox 719 3465 927 3546; x_wconf 77' lang='lat' dir='ltr'>pervenerunt</span> <span class='ocrx_word' id='word_1_205' title='bbox 951 3461 1094 3526; x_wconf 92' lang='lat' dir='ltr'>omnibus</span> <span class='ocrx_word' id='word_1_206' title='bbox 1117 3462 1305 3526; x_wconf 90' lang='lat' dir='ltr'>coniunctim</span> <span class='ocrx_word' id='word_1_207' title='bbox 1328 3465 1400 3546; x_wconf 90' lang='lat' dir='ltr'>post</span> 
     </span>
     <span class='ocr_line' id='line_1_27' title="bbox 159 3567 1400 3655; baseline 0.002 -22"><span class='ocrx_word' id='word_1_208' title='bbox 159 3567 429 3634; x_wconf 86' lang='lat' dir='ltr'>Westennannum</span> <span class='ocrx_word' id='word_1_209' title='bbox 438 3570 464 3654; x_wconf 86' lang='lat'>³)</span> <span class='ocrx_word' id='word_1_210' title='bbox 488 3590 580 3635; x_wconf 93' lang='lat' dir='ltr'>nemo</span> <span class='ocrx_word' id='word_1_211' title='bbox 597 3571 771 3635; x_wconf 86' lang='lat' dir='ltr'>accuratius</span> <span class='ocrx_word' id='word_1_212' title='bbox 787 3569 972 3655; x_wconf 87' lang='lat' dir='ltr'>disputavit,</span> <span class='ocrx_word' id='word_1_213' title='bbox 997 3569 1052 3635; x_wconf 88' lang='lat' dir='ltr'>sed</span> <span class='ocrx_word' id='word_1_214' title='bbox 1075 3590 1124 3636; x_wconf 81' lang='lat' dir='ltr'>vv.</span> <span class='ocrx_word' id='word_1_215' title='bbox 1143 3569 1193 3634; x_wconf 91' lang='lat' dir='ltr'>dd.</span> <span class='ocrx_word' id='word_1_216' title='bbox 1211 3573 1267 3634; x_wconf 88' lang='lat' dir='ltr'>aut</span> <span class='ocrx_word' id='word_1_217' title='bbox 1289 3570 1322 3634; x_wconf 90' lang='lat' dir='ltr'>in</span> <span class='ocrx_word' id='word_1_218' title='bbox 1337 3572 1400 3635; x_wconf 90' lang='lat' dir='ltr'>sin-</span> 
     </span>
     <span class='ocr_line' id='line_1_28' title="bbox 159 3675 1400 3763; baseline 0.002 -23"><span class='ocrx_word' id='word_1_219' title='bbox 159 3675 303 3758; x_wconf 88' lang='lat' dir='ltr'>gularum</span> <span class='ocrx_word' id='word_1_220' title='bbox 332 3678 469 3742; x_wconf 85' lang='lat' dir='ltr'>vitarum</span> <span class='ocrx_word' id='word_1_221' title='bbox 497 3678 719 3763; x_wconf 87' lang='lat' dir='ltr'>compositione</span> <span class='ocrx_word' id='word_1_222' title='bbox 748 3677 945 3762; x_wconf 87' lang='lat' dir='ltr'>fontibusque</span> <span class='ocrx_word' id='word_1_223' title='bbox 969 3676 1166 3762; x_wconf 85' lang='lat' dir='ltr'>exquirendis</span> <span class='ocrx_word' id='word_1_224' title='bbox 1189 3697 1259 3743; x_wconf 90' lang='lat' dir='ltr'>cum</span> <span class='ocrx_word' id='word_1_225' title='bbox 1283 3679 1400 3743; x_wconf 91' lang='lat' dir='ltr'>maiore</span> 
     </span>
     <span class='ocr_line' id='line_1_29' title="bbox 159 3782 1400 3870; baseline 0 -20"><span class='ocrx_word' id='word_1_226' title='bbox 159 3782 211 3850; x_wconf 81' lang='lat' dir='ltr'>vel</span> <span class='ocrx_word' id='word_1_227' title='bbox 239 3785 358 3849; x_wconf 91' lang='lat' dir='ltr'>minore</span> <span class='ocrx_word' id='word_1_228' title='bbox 386 3783 611 3870; x_wconf 88' lang='lat' dir='ltr'>probabilitate</span> <span class='ocrx_word' id='word_1_229' title='bbox 640 3786 757 3852; x_wconf 85' lang='lat' dir='ltr'>versati</span> <span class='ocrx_word' id='word_1_230' title='bbox 785 3789 858 3851; x_wconf 92' lang='lat' dir='ltr'>sunt</span> <span class='ocrx_word' id='word_1_231' title='bbox 886 3789 941 3850; x_wconf 92' lang='lat' dir='ltr'>aut</span> <span class='ocrx_word' id='word_1_232' title='bbox 969 3783 1007 3849; x_wconf 90' lang='lat' dir='ltr'>de</span> <span class='ocrx_word' id='word_1_233' title='bbox 1035 3787 1156 3851; x_wconf 89' lang='lat' dir='ltr'>ratione</span> <span class='ocrx_word' id='word_1_234' title='bbox 1184 3787 1400 3852; x_wconf 87' lang='lat' dir='ltr'>universarum</span> 
     </span>
     <span class='ocr_line' id='line_1_30' title="bbox 158 3892 1399 3980; baseline 0 -22"><span class='ocrx_word' id='word_1_235' title='bbox 158 3896 227 3958; x_wconf 89' lang='lat' dir='ltr'>tam</span> <span class='ocrx_word' id='word_1_236' title='bbox 251 3895 425 3975; x_wconf 89' lang='lat' dir='ltr'>generatim</span> <span class='ocrx_word' id='word_1_237' title='bbox 448 3892 663 3960; x_wconf 89' lang='lat' dir='ltr'>iudicaverunt</span> <span class='ocrx_word' id='word_1_238' title='bbox 685 3897 722 3959; x_wconf 88' lang='lat' dir='ltr'>ut</span> <span class='ocrx_word' id='word_1_239' title='bbox 744 3900 830 3960; x_wconf 87' lang='lat' dir='ltr'>certa</span> <span class='ocrx_word' id='word_1_240' title='bbox 853 3893 1008 3980; x_wconf 89' lang='lat' dir='ltr'>quaedam</span> <span class='ocrx_word' id='word_1_241' title='bbox 1031 3894 1129 3959; x_wconf 88' lang='lat' dir='ltr'>firmis</span> <span class='ocrx_word' id='word_1_242' title='bbox 1150 3893 1294 3960; x_wconf 87' lang='lat' dir='ltr'>stabilita</span> <span class='ocrx_word' id='word_1_243' title='bbox 1309 3913 1399 3975; x_wconf 88' lang='lat' dir='ltr'>argu-</span> 
     </span>
     <span class='ocr_line' id='line_1_31' title="bbox 159 4000 1400 4088; baseline 0 -23"><span class='ocrx_word' id='word_1_244' title='bbox 159 4001 275 4066; x_wconf 89' lang='lat' dir='ltr'>mentis</span> <span class='ocrx_word' id='word_1_245' title='bbox 303 4003 460 4067; x_wconf 90' lang='lat' dir='ltr'>sententia</span> <span class='ocrx_word' id='word_1_246' title='bbox 486 4000 596 4066; x_wconf 89' lang='lat' dir='ltr'>haberi</span> <span class='ocrx_word' id='word_1_247' title='bbox 623 4005 767 4088; x_wconf 88' lang='lat' dir='ltr'>nequeat.</span> <span class='ocrx_word' id='word_1_248' title='bbox 816 4001 937 4088; x_wconf 88' lang='lat' dir='ltr'>Operae</span> <span class='ocrx_word' id='word_1_249' title='bbox 965 4003 1062 4085; x_wconf 85' lang='lat' dir='ltr'>igitur</span> <span class='ocrx_word' id='word_1_250' title='bbox 1089 4003 1226 4088; x_wconf 89' lang='lat' dir='ltr'>pretium</span> <span class='ocrx_word' id='word_1_251' title='bbox 1253 4001 1331 4067; x_wconf 90' lang='lat' dir='ltr'>mihi</span> <span class='ocrx_word' id='word_1_252' title='bbox 1354 4002 1400 4067; x_wconf 91' lang='lat' dir='ltr'>vi-</span> 
     </span>
     <span class='ocr_line' id='line_1_32' title="bbox 159 4107 1400 4196; baseline 0 -23"><span class='ocrx_word' id='word_1_253' title='bbox 159 4107 265 4190; x_wconf 88' lang='lat' dir='ltr'>detur,</span> <span class='ocrx_word' id='word_1_254' title='bbox 301 4109 488 4195; x_wconf 87' lang='lat' dir='ltr'>praesertim</span> <span class='ocrx_word' id='word_1_255' title='bbox 523 4129 593 4174; x_wconf 92' lang='lat' dir='ltr'>cum</span> <span class='ocrx_word' id='word_1_256' title='bbox 628 4131 666 4175; x_wconf 87' lang='lat' dir='ltr'>ea</span> <span class='ocrx_word' id='word_1_257' title='bbox 700 4130 779 4196; x_wconf 89' lang='lat' dir='ltr'>quae</span> <span class='ocrx_word' id='word_1_258' title='bbox 807 4109 1026 4175; x_wconf 87' lang='lat' dir='ltr'>Westermann</span> <span class='ocrx_word' id='word_1_259' title='bbox 1054 4110 1092 4176; x_wconf 92' lang='lat' dir='ltr'>de</span> <span class='ocrx_word' id='word_1_260' title='bbox 1121 4111 1195 4176; x_wconf 84' lang='lat' dir='ltr'>vitis</span> <span class='ocrx_word' id='word_1_261' title='bbox 1224 4111 1337 4176; x_wconf 87' lang='lat' dir='ltr'>statuit</span> <span class='ocrx_word' id='word_1_262' title='bbox 1371 4109 1400 4173; x_wconf 92' lang='lat' dir='ltr'>ei</span> 
     </span>
    </p>
   </div>
   <div class='ocr_carea' id='block_1_7' title="bbox 235 4367 1333 4453">
    <p class='ocr_par' dir='ltr' id='par_1_9' title="bbox 235 4367 1333 4453">
     <span class='ocr_line' id='line_1_33' title="bbox 235 4367 1333 4453; baseline -0.002 -17"><span class='ocrx_word' id='word_1_263' title='bbox 235 4378 256 4447; x_wconf 88' lang='lat'>¹)</span> <span class='ocrx_word' id='word_1_264' title='bbox 276 4385 308 4436; x_wconf 84' lang='lat' dir='ltr'>ef.</span> <span class='ocrx_word' id='word_1_265' title='bbox 329 4385 437 4436; x_wconf 82' lang='lat' dir='ltr'>Meltzer</span> <span class='ocrx_word' id='word_1_266' title='bbox 455 4384 483 4436; x_wconf 91' lang='lat' dir='ltr'>in</span> <span class='ocrx_word' id='word_1_267' title='bbox 503 4383 591 4437; x_wconf 76' lang='lat' dir='ltr'>Fleck.</span> <span class='ocrx_word' id='word_1_268' title='bbox 612 4401 674 4437; x_wconf 87' lang='lat' dir='ltr'>ann.</span> <span class='ocrx_word' id='word_1_269' title='bbox 694 4386 714 4436; x_wconf 88' lang='lat' dir='ltr'>t.</span> <span class='ocrx_word' id='word_1_270' title='bbox 737 4383 787 4437; x_wconf 76' lang='lat'>107</span> <span class='ocrx_word' id='word_1_271' title='bbox 807 4400 832 4453; x_wconf 88' lang='lat' dir='ltr'>p.</span> <span class='ocrx_word' id='word_1_272' title='bbox 854 4367 997 4439; x_wconf 72' lang='lat' dir='ltr'>rar-237</span> <span class='ocrx_word' id='word_1_273' title='bbox 1017 4389 1044 4438; x_wconf 89' lang='lat' dir='ltr'>et</span> <span class='ocrx_word' id='word_1_274' title='bbox 1063 4387 1082 4440; x_wconf 91' lang='lat' dir='ltr'>t.</span> <span class='ocrx_word' id='word_1_275' title='bbox 1104 4384 1153 4436; x_wconf 92' lang='lat' dir='ltr'>lll</span> <span class='ocrx_word' id='word_1_276' title='bbox 1173 4400 1200 4452; x_wconf 89' lang='lat' dir='ltr'>p.</span> <span class='ocrx_word' id='word_1_277' title='bbox 1222 4381 1275 4435; x_wconf 80' lang='lat'>&#39;134</span> <span class='ocrx_word' id='word_1_278' title='bbox 1294 4397 1333 4450; x_wconf 85' lang='lat' dir='ltr'>sq.</span> 
     </span>
    </p>
   </div>
   <div class='ocr_carea' id='block_1_8' title="bbox 234 4467 1111 4633">
    <p class='ocr_par' dir='ltr' id='par_1_10' title="bbox 234 4467 1111 4633">
     <span class='ocr_line' id='line_1_34' title="bbox 295 4473 432 4529; baseline -0.007 0"><span class='ocrx_word' id='word_1_279' title='bbox 295 4517 301 4529; x_wconf 89' lang='grc'><em>,</em></span> <span class='ocrx_word' id='word_1_280' title='bbox 324 4473 374 4528; x_wconf 87' lang='grc'>189</span> <span class='ocrx_word' id='word_1_281' title='bbox 393 4491 406 4526; x_wconf 89' lang='lat' dir='ltr'>s</span> <span class='ocrx_word' id='word_1_282' title='bbox 427 4517 432 4528; x_wconf 93' lang='lat'><strong><em>.</em></strong></span> 
     </span>
     <span class='ocr_line' id='line_1_35' title="bbox 234 4467 1111 4633; baseline -0.001 -14"><span class='ocrx_word' id='word_1_283' title='bbox 234 4467 451 4630; x_wconf 64' lang='lat' dir='ltr'>:idaeasnodes</span> <span class='ocrx_word' id='word_1_284' title='bbox 471 4565 701 4619; x_wconf 84' lang='lat' dir='ltr'>Demosthenieaa.</span> <span class='ocrx_word' id='word_1_285' title='bbox 739 4565 804 4618; x_wconf 85' lang='lat' dir='ltr'>Pars</span> <span class='ocrx_word' id='word_1_286' title='bbox 823 4565 869 4621; x_wconf 86' lang='lat' dir='ltr'>IV.</span> <span class='ocrx_word' id='word_1_287' title='bbox 885 4531 886 4535; x_wconf 12' lang='lat' dir='ltr'>i</span> <span class='ocrx_word' id='word_1_288' title='bbox 907 4565 1013 4633; x_wconf 77' lang='lat' dir='ltr'>Lipsiae</span> <span class='ocrx_word' id='word_1_289' title='bbox 1034 4564 1111 4620; x_wconf 75' lang='lat'>1837.</span> 
     </span>
    </p>
   </div>
   <div class='ocr_carea' id='block_1_9' title="bbox 0 0 1662 5124">
    <p class='ocr_par' dir='ltr' id='par_1_11' title="bbox 0 0 1662 5124">
     <span class='ocr_line' id='line_1_36' title="bbox 0 0 1662 5124; baseline 0 0"><span class='ocrx_word' id='word_1_290' title='bbox 0 0 1662 5124; x_wconf 95' lang='lat' dir='ltr'> </span> 
     </span>
    </p>
   </div>
  </div>
 </body>
</html>
