3314 5124
664 332 874 409 ⁵49..

140 515 318 586 Memoratu
341 523 449 586 autem
470 517 688 602 dignissimum
708 519 855 606 scriptori
869 517 918 584 illi
935 519 1037 586 visum
1053 523 1112 603 est,
1137 513 1383 589 Demosthenem

141 627 309 694 Thebanos
332 648 454 714 quoque
478 631 512 693 et
533 626 675 713 Philippi
704 627 863 703 beneficiis
891 627 1052 696 devinctos
1082 632 1115 696 et
1137 627 1383 696 Atheniensibus

141 735 184 802 ad
207 736 241 805 id
263 737 415 823 temporis
438 735 660 802 infestissimos
683 739 836 812 societate
860 734 1383 819 οο113111111336(ὁμέγισοοςὺπε-

26 929 29 944 ,
139 847 270 918 hinem
295 884 336 894 —
360 844 522 930 ἀγώνων),
545 843 628 930 quod
651 845 705 930 qui
728 845 846 910 factum
870 845 921 926 sit,
947 864 973 911 c.
992 847 1033 910 18
1058 844 1200 915 historici
1223 843 1384 911 cuiusdam

140 957 179 1018 ut
206 951 332 1018 videtur
358 951 439 1018 libro
469 952 611 1019 adhibito
640 955 795 1040 copiosius
824 952 1057 1022 demonstratur
1090 955 1144 1040 (cf.
1174 953 1265 1020 Diod.
1296 951 1383 1035 XVI,

142 1065 203 1144 84,
230 1062 299 1146 85).
346 1060 394 1127 De
419 1059 550 1144 singulis
573 1082 653 1148 quae
677 1061 735 1128 hoc
759 1063 863 1148 capite
888 1063 1083 1130 continenter
1105 1063 1199 1128 rebus
1223 1061 1384 1149 disputare

140 1169 345 1256 supersedc0;
369 1169 428 1236 hoc
449 1191 545 1238 unum
566 1171 725 1237 nutavisse
742 1171 821 1239 satis
836 1170 947 1254 habeo,
973 1172 1056 1237 inter
1071 1171 1168 1238 verba
1184 1191 1210 1238 c.
1230 1174 1269 1234 17
1288 1174 1384 1236 exta:

140 1275 182 1363 ἦν
207 1277 238 1341 δ’
262 1278 300 1342 οὗ
322 1277 435 1363 ῥοίδιον
459 1317 500 1326 -
524 1281 715 1363 μεταστῆσαι
742 1278 812 1352 τοὺς
839 1281 997 1364 Θηβαίους
1026 1283 1060 1346 et
1087 1299 1112 1345 c.
1140 1281 1180 1346 18
1210 1277 1309 1344 med:
1350 1280 1384 1342 τὸ

141 1386 203 1469 μὲν
226 1383 285 1449 οὖν
308 1389 470 1472 συμφέρον
492 1385 548 1449 κτλ
571 1384 693 1452 nullam
716 1384 917 1454 statuendam
934 1407 1002 1454 esse
1018 1389 1264 1474 repugnantiam
1276 1387 1387 1475 (χάριν

142 1513 206 1560 vox
228 1491 314 1558 haud
340 1491 432 1558 dubie
461 1491 502 1558 ad
530 1513 556 1558 c.
584 1495 623 1558 17
653 1493 709 1557 ἐπὶ
736 1493 934 1580 προςφάοοις
958 1534 999 1542 -
1027 1495 1195 1562 Φιλίππου
1223 1495 1387 1562 referenda

144 1602 219 1686 est).
260 1599 365 1666 Aliter
389 1599 488 1667 Gebh.
514 1622 545 1687 p.
571 1604 623 1667 41.
665 1600 699 1667 C.
726 1604 778 1683 19,
804 1600 842 1667 de
865 1623 926 1689 quo
948 1599 1097 1669 Gebhard
1119 1601 1300 1670 doctissime
1324 1603 1387 1676 dis·

144 1711 271 1796 putavit
295 1711 341 1796 (p.
359 1711 518 1795 43-45),
543 1711 647 1796 prima
670 1713 702 1776 et
725 1714 868 1777 extrema
890 1714 997 1797 partes
1014 1732 1053 1777 ex
1069 1711 1210 1780 historici
1226 1711 1388 1778 cuiusdam

144 1817 226 1884 libro
241 1817 383 1884 haustae
406 1821 489 1900 sunt,
514 1820 600 1885 euius
624 1819 760 1902 vestigia
782 1819 880 1884 etiam
903 1820 936 1888 in
960 1839 986 1885 c.
1012 1821 1055 1886 20
1080 1818 1214 1886 dilucide
1238 1821 1385 1886 eminent.
1424 1840 1427 1846 ·
1462 1827 1465 1832 ’

145 1924 276 1992 Duridis
305 1924 396 1990 modo
425 1924 561 1992 alterum
590 1925 750 1993 oraculum
778 1947 846 1993 esse
875 1924 974 1993 Gebh.
1004 1926 1088 1994 idem
1117 1932 1201 1994 recte
1229 1925 1388 1994 intellexit

146 2036 191 2121 (p.
223 2034 276 2098 45.
306 2034 387 2118 not).
440 2031 551 2100 Eidem
579 2035 686 2120 stirpi,
722 2037 758 2100 ut
785 2031 945 2101 Gebhardi
973 2033 1188 2122 appellatione
1216 2038 1303 2116 utar,
1339 2036 1387 2101 cui

147 2161 216 2228 epp.
235 2142 357 2222 4—10,
385 2143 437 2222 12,
464 2143 505 2206 13
522 2141 694 2206 maximam
709 2144 844 2228 partem,
867 2143 998 2208 15-18
1016 2140 1179 2224 debentur,
1195 2142 1280 2214 baud
1297 2141 1388 2208 dubie

149 2265 218 2336 epp.
245 2251 375 2314 17-31
402 2239 610 2316 adscribenda
632 2253 714 2316 sunt.
762 2248 862 2328 Nihil„
877 2251 1013 2318 auctoris
1036 2249 1259 2317 Demosthenis
1286 2270 1389 2318 mores

154 2355 350 2424 acerbissime
366 2356 595 2443 proscindentis
611 2357 772 2443 proprium
788 2357 821 2422 in
842 2357 881 2423 iis
905 2357 1117 2424 animadverti
1139 2363 1255 2445 potest,
1280 2363 1390 2426 contra

154 2466 186 2530 et
199 2462 374 2551 Hermippi‚
399 2463 554 2530 Demetrii
570 2462 736 2547 Magnetis
760 2463 929 2547 Aristonis,
954 2463 1057 2552 Pappi
1081 2465 1287 2552 (Hermippi),
1312 2465 1390 2532 Era-

150 2573 319 2657 tosthenis,
354 2572 561 2640 Democharis
589 2593 645 2640 nec
678 2594 740 2652 non
768 2571 940 2659 Phylarchi
974 2574 1284 2641 commemorationes
1319 2595 1390 2642 cum

148 2680 451 2749 Pseudo-Plutarchi
474 2683 541 2748 uita
566 2684 645 2764 286,
673 2682 873 2764 1454287,
900 2685 964 2748 173
988 2680 1084 2749 West.
1111 2682 1247 2750 collatae
1272 2687 1304 2749 et
1326 2683 1390 2750 De-

149 2789 324 2858 mosthenis
352 2812 414 2858 non
442 2791 574 2858 obscura
601 2790 768 2858 admiratio
801 2792 937 2878 priorem
965 2790 1129 2859 Plutarchi
1163 2796 1323 2859 auctorem
1357 2792 1390 2858 in

149 2901 291 2964 mentem
323 2899 414 2965 nobis
455 2898 628 2966 certissime
663 2903 826 2979 revocant,
862 2901 948 2964 cuius
976 2899 1014 2964 de
1049 2899 1202 2982 fontibus,
1238 2903 1390 2987 quantum
1494 2945 1497 2950 .

149 3027 222 3073 cum
246 3005 354 3092 aliqua
377 3005 602 3093 probabilitate
625 3007 725 3072 statui
749 3009 870 3093 potest,
888 3007 971 3072 infra
995 3006 1234 3092 disputabimus.

147 3097 148 3104 ἵ
241 3113 304 3181 Hic
332 3116 364 3181 in
387 3114 551 3182 Plutarchi
580 3117 662 3181 vitae
691 3115 916 3201 compositione
944 3113 1122 3196 indaganda
1150 3115 1302 3196 subsist03
1332 3114 1391 3180 hoc

151 3244 248 3289 unum
264 3222 342 3288 mihi
358 3224 553 3310 propositum
569 3226 648 3304 erat,
672 3220 767 3287 verba
782 3219 946 3294 Plutarchi
961 3223 1031 3307 ipsa
1046 3243 1141 3307 quam
1157 3223 1391 3288 accuratissime

147 3331 385 3417 perquisivisse,
410 3331 442 3396 id
466 3329 549 3417 quod
572 3332 605 3396 in
627 3315 755 3409 huiusce
779 3329 864 3396 modi
887 3329 1121 3416 quaestionibus
1145 3350 1206 3396 non
1222 3331 1268 3394 ita
1284 3331 1391 3416 paucis

153 3460 225 3504 cum
253 3458 366 3522 magno
395 3437 500 3505 dolore
530 3437 733 3504 desideratur.
785 3435 933 3504 Effecisse
962 3437 1040 3503 mihi
1068 3437 1189 3519 videor,
1226 3437 1303 3504 duas
1336 3459 1392 3524 per

153 3544 318 3612 Plutarchi
342 3547 441 3614 vitam
464 3545 721 3612 internoscendas
743 3566 810 3610 esse
833 3544 1017 3628 relationes,
1046 3545 1132 3612 cuius
1156 3546 1252 3632 priori
1275 3567 1346 3633 cpp.
1371 3549 1392 3610 4

155 3658 254 3738 -—10,
282 3658 333 3738 12,
360 3658 412 3737 13,
439 3657 582 3736 15—18,
601 3657 730 3720 27-31
750 3653 916 3720 tribuendo
932 3674 1053 3736 censeo,
1070 3654 1182 3736 altera,
1200 3675 1391 3740 quamquam

155 3764 187 3829 in
210 3783 236 3830 ο.
255 3766 276 3827 4
292 3765 343 3850 (5)
367 3761 519 3830 nonmdla
542 3763 606 3828 iarn
623 3762 765 3849 dispersa
780 3763 913 3845 vestigia
928 3762 1138 3845 inveniuntur,
1163 3765 1270 3828 tamen
1285 3760 1358 3828 inde
1375 3785 1394 3828 a

155 3891 182 3938 c.
197 3874 237 3934 11
255 3871 381 3938 demum
396 3873 430 3938 in
447 3871 632 3958 ampliorem
647 3891 737 3938 usum
754 3868 955 3956 aPlutarcho
972 3869 1116 3936 adhibita
1132 3871 1178 3936 ita
1188 3874 1245 3951 est,
1264 3874 1298 3936 ut
1310 3890 1335 3936 c.
1352 3872 1392 3936 13

156 3984 235 4047 extr.
264 3984 402 4066 partem,
418 3983 490 4062 ¹14,
522 3982 578 4062 19,
608 3981 665 4060 10,
697 3979 839 4043 23-26
868 3998 907 4044 ex
930 3998 968 4044 ea
991 3977 1115 4043 haurire
1139 3998 1201 4044 non
1225 3981 1392 4044 vereretur.

245 4087 414 4175 Reliquum
437 4093 500 4171 est,
530 4089 621 4154 utin
643 4085 783 4152 Zosimi
806 4089 838 4151 et
861 4085 1048 4171 Anonymi
1071 4086 1169 4169 vitas,
1199 4084 1331 4172 denique
1362 4086 1395 4153 in

156 4195 294 4262 Suidae
310 4179 375 4264 tres
391 4197 430 4262 de
442 4196 655 4265 Demosthene
670 4193 843 4281 particulas
859 4195 1041 4278 diligentius
1057 4217 1151 4282 quam
1164 4195 1265 4260 adhuc
1276 4195 1394 4261 iactum

157 4309 205 4371 est
229 4307 432 4392 inquiramus.
472 4304 568 4388 Quae,
592 4325 784 4390 quamquam
804 4304 1013 4387 cognitionem
1029 4302 1252 4370 Demosthenis
1268 4305 1394 4389 eiusque

158 4414 273 4480 aetatis
296 4434 335 4478 ex
358 4411 430 4479 eliis
453 4413 591 4479 fontibus
619 4412 754 4498 petitam
781 4432 843 4478 non
871 4409 1006 4478 multum
1035 4415 1164 4494 augent,
1194 4411 1297 4476 multa
1324 4433 1395 4497 pre-

159 4522 288 4588 tissima
311 4523 482 4605 continent,
506 4525 614 4587 tamen
637 4535 699 4586 non
722 4521 848 4586 omnino
871 4518 1083 4604 neglegendae
1106 4523 1189 4586 sunt.
1271 4553 1273 4560 1

1163 4649 1180 4706 4
1239 4729 1245 4744 ι
