3314 5124
734 381 955 448 „60-

225 585 287 650 qua
302 564 436 632 Batalus
458 569 586 632 vocatus
602 565 654 648 sit,
680 585 817 645 causam,
841 585 941 651 neque
958 585 975 630 c
991 563 1215 632 Demosthenis
1231 565 1282 631 vel
1297 563 1466 632 Aeschinis

226 674 418 740 orationibus
442 673 579 756 ductam,
605 695 705 761 neque
729 675 769 740 ab
793 673 859 739 ullo
883 673 947 740 alio
968 674 1119 760 scriptore
1136 674 1288 740 traditam
1305 673 1464 754 exhibent,

225 803 305 868 quae
334 784 408 869 quin
437 803 454 847 e
482 783 643 869 scriptoris
672 781 833 848 cuiusdam
856 781 1102 848 Demosthenem
1132 783 1172 848 ab
1198 781 1364 848 Aeschinis
1393 803 1467 848 con-

226 893 329 974 viciis,
366 891 406 957 ab
435 890 602 957 Idomeneo
632 893 684 979 (fr.
717 893 774 978 13)
803 893 836 957 et
863 889 1038 978 Hermippo
1066 891 1203 958 libenter
1230 893 1380 978 arreptiS,
1412 891 1468 957 de-

225 999 382 1066 fendentis
410 1001 534 1083 iugenio
563 1004 634 1065 orta
661 1002 704 1066 sit
731 999 870 1065 dubitari
898 1000 1016 1087 nequit.
1070 999 1278 1066 Consentiunt
1308 1001 1391 1066 enim
1427 1021 1467 1066 ex

224 1107 351 1172 infirma
374 1128 530 1194 aegraque
553 1107 735 1174 valetudine
756 1127 927 1192 cognomen
943 1107 1023 1174 illud
1037 1107 1174 1174 ludibrio
1191 1110 1219 1174 ei
1234 1109 1370 1175 inditum
1386 1127 1466 1189 esse,

225 1235 306 1301 quae
331 1215 498 1302 explicatio
522 1215 668 1282 relationi
692 1218 721 1282 ei
749 1217 868 1303 optime
897 1217 1055 1298 convenit,
1085 1217 1134 1282 cui
1159 1227 1233 1303 'cpp
1259 1219 1380 1283 4-10
1404 1221 1466 1282 etc.

225 1324 436 1410 impertienda
460 1343 528 1391 esse
552 1345 589 1390 ex
613 1326 838 1412 compositione
862 1327 947 1390 vitae
971 1325 1196 1411 perspeximus.
1237 1325 1382 1411 Namque
1398 1346 1468 1390 orn-

226 1433 299 1497 nino
328 1453 389 1498 non
418 1435 574 1499 assentior
601 1433 769 1500 Gebhardo
798 1437 844 1520 (p.
876 1435 918 1500 28
948 1455 1011 1520 sq.,
1049 1435 1107 1519 32)
1136 1435 1191 1520 qui
1220 1433 1353 1500 alteram
1387 1454 1413 1500 c.
1445 1437 1468 1499 4

226 1545 350 1627 partem
373 1541 446 1607 inde
470 1565 488 1607 a
512 1541 616 1608 verbis
639 1540 679 1628 ἢν
702 1542 732 1606 δ’
755 1543 773 1605 ὁ
795 1542 947 1616 Βάταλος
969 1542 1024 1606 κτλ
1048 1562 1065 1607 e
1092 1543 1229 1628 ,smper
1256 1540 1469 1606 ἅκολαστείαν

226 1649 450 1716 Demosthenis
473 1648 632 1736 perlucide
657 1650 833 1732 castigante
852 1669 877 1714 a
898 1647 1071 1714 Plutarcho
1094 1649 1162 1734 ipso
1191 1648 1273 1714 huuc
1301 1650 1333 1714 in
1361 1648 1468 1715 locum

224 1759 451 1844 transpositam
476 1779 543 1824 esse
566 1779 623 1845 pro
647 1762 732 1825 certo
756 1760 878 1824 statuit.
923 1756 1085 1839 Liberius,
1110 1757 1193 1844 quod
1216 1757 1466 1823 Demosthenem

226 1865 438 1951 ἀνδρωθέντα
467 1867 562 1932 fuisse
592 1866 682 1948 dicit,
719 1867 853 1932 fortasse
881 1865 990 1932 Batali
1018 1869 1051 1932 et
1078 1865 1183 1950 Argao
1218 1868 1346 1931 nomina
1381 1887 1469 1932 corn-

226 1976 373 2054 mutavit,
398 1973 437 2039 de
461 1995 592 2060 quorum
616 1973 897 2058 significationibus
919 1975 1092 2040 communis
1107 1973 1271 2039 Plutarchi
1292 1978 1326 2041 et
1341 1973 1470 2040 Libanii

227 2085 337 2146 auctor
361 2084 462 2148 varias
487 2083 703 2149 cumulaverat
726 2083 900 2148 sententias
925 2083 963 2149 ci.
989 2081 1088 2149 schol.
1113 2081 1226 2148 Aesch.
1252 2082 1282 2164 I,
1314 2085 1395 2164 1313
1423 2083 1468 2162 ll,

228 2193 286 2272 993
311 2190 362 2257 hic
385 2211 507 2276 quoque
522 2190 681 2257 Blassium
693 2193 717 2276 ¹)
741 2193 905 2273 erravisse,
931 2189 1013 2278 quod
1029 2190 1238 2277 Hermippum
1260 2189 1470 2257 aPlutarcho

227 2302 260 2363 et
275 2297 407 2364 Libanio
432 2298 635 2385 compilatum
660 2319 728 2365 esse
749 2298 890 2379 coniecit,
916 2299 1018 2385 quivis
1035 2297 1126 2364 facile
1144 2299 1239 2364 videt.
1280 2297 1371 2364 Prior
1386 2299 1471 2366 eius-

227 2407 298 2473 dem
322 2409 491 2492 iragmenti
516 2429 589 2496 pars
612 2410 644 2474 in
659 2405 745 2474 Plut.
771 2427 797 2474 c.
816 2411 836 2475 8
857 2406 970 2474 iisdem
987 2408 1052 2472 fere
1068 2407 1172 2474 verbis
1188 2427 1337 2494 expressa
1352 2409 1470 2472 iterum

226 2517 317 2583 nobis
341 2519 488 2584 occurrit:
524 2518 558 2581 du
582 2518 694 2582 ccciccc
717 2517 818 2594 δόξαν
841 2521 926 2597 εἶχεν
948 2517 990 2592 ὡς
1013 2516 1069 2580 οὐκ
1098 2517 1219 2602 εὐφυὴς
1246 2514 1306 2592 ὧν,
1333 2515 1406 2579 ἀλλ’
1434 2516 1471 2580 ἐκ

228 2624 535 2716 πόνονσυγκειμένῃ
559 2624 711 2711 δεινότητι
734 2626 787 2690 καὶ
809 2623 940 2708 δυνάμει
965 2625 1137 2711 χρόμενος,
1161 2645 1240 2711 quae
1264 2643 1334 2689 cum
1357 2623 1470 2690 multis

227 2733 300 2800 aliis
328 2734 369 2800 ad
397 2735 552 2800 oratorias
580 2723 819 2801 exercitationes
848 2733 1078 2820 spectantibus,
1115 2753 1307 2819 quamquam
1342 2733 1471 2817 singula

229 2843 351 2908 deliniri
375 2845 439 2908 iam
464 2863 525 2909 uon
549 2847 693 2929 possunt,
719 2842 759 2908 ad
783 2841 991 2929 Hermippum
1015 2842 1116 2907 redire
1141 2840 1218 2906 mihi
1242 2861 1364 2927 quoque
1388 2843 1470 2906 veri·

228 2950 426 3017 simillimum
450 2955 508 3018 est.

318 3058 468 3125 Extremo
496 3059 555 3125 hoc
582 3059 651 3126 loco
683 3059 855 3126 notandum
889 3062 952 3139 est,
989 3059 1027 3152 de
1057 3057 1229 3144 Hyperidis
1264 3062 1365 3123 morte
1393 3057 1470 3123 Plu-

229 3167 372 3232 tarchum
398 3170 438 3253 (c.
466 3169 524 3252 28)
549 3172 706 3233 auctorem
731 3167 771 3231 ab
792 3166 966 3252 Hermippo
990 3165 1084 3251 plane
1108 3165 1267 3231 diversum
1290 3165 1378 3251 sequi
1395 3163 1469 3251 (Ps-

228 3272 313 3341 Plut.
339 3275 425 3362 Hyp.
450 3277 506 3341 vit.
532 3279 609 3357 313,
634 3277 794 3361 48-50),
822 3275 860 3340 de
884 3293 944 3361 quo
969 3271 1117 3340 Gebhard
1141 3295 1170 3360 p.
1197 3275 1217 3339 9
1242 3294 1353 3360 parum
1377 3278 1469 3340 caute

229 3386 378 3450 statuisse
402 3383 479 3448 mihi
504 3382 636 3450 videtur.
821 3366 824 3370 ⁵
1145 3381 1151 3392 '

319 3491 406 3558 Haec
435 3511 514 3578 quae
544 3512 581 3556 ex
604 3490 771 3577 Hermippi
799 3491 865 3556 sine
895 3489 987 3556 dubio
1017 3491 1254 3557 accuratissima
1282 3491 1349 3555 vita
1376 3489 1468 3556 nobis

229 3604 355 3666 servata
378 3605 452 3666 sunt
474 3619 632 3688 perpauca
654 3601 842 3683 fragmenta,
867 3620 1057 3685 quamquam
1082 3600 1252 3683 imaginem
1271 3600 1357 3664 vitae
1381 3597 1468 3664 illius

230 3711 334 3774 animo
358 3708 581 3790 refingentibus
603 3707 693 3773 nobis
714 3728 775 3772 non
792 3706 959 3787 sufficiunt,
984 3711 1092 3773 tamen
1108 3711 1264 3792 quatenus
1278 3705 1469 3773 Plutarchus

230 3816 269 3882 ab
299 3835 335 3881 eo
364 3815 499 3902 pendere
528 3814 686 3896 videatur,
717 3813 874 3880 iudicandi
901 3813 1004 3880 locum
1033 3815 1111 3880 satis
1135 3812 1281 3879 idoneum
1305 3814 1468 3900 praebent,

230 3924 268 3990 de
291 3945 354 4010 qua
376 3943 409 3988 re
433 3922 515 3988 infra
537 3923 569 3988 in
590 3943 650 3986 uno
673 3925 841 4007 conspectu
858 3923 964 4008 paucis
980 3920 1178 4002 disseremus
1204 3916 1372 4008 postquam
1388 3943 1469 4008 quae

230 4053 247 4097 e
270 4031 458 4097 Demetrii
481 4029 683 4114 Magnetis
714 4028 872 4095 Ciceronis
896 4028 1054 4114 aequaliS,
1084 4025 1258 4094 clarissimo
1287 4029 1362 4116 περὶ
1389 4029 1469 4112 ὁμο-

231 4136 336 4223 νῦμων
359 4143 499 4225 ποιητῶν
523 4140 631 4203 τεκαὶ
654 4141 863 4224 συγγραφέων
885 4137 1035 4222 inscripto
1060 4155 1152 4221 opere
1171 4140 1310 4202 aetatem
1326 4137 1470 4203 tulerunt

232 4247 270 4313 de
294 4248 506 4315 Demosthene
530 4248 710 4331 fragmenta
732 4245 967 4332 inspexerimus.

320 4355 368 4422 De
392 4358 504 4422 ceteris
528 4357 591 4421 iam
615 4374 770 4420 unacum
794 4351 996 4440 Hermippeis
1021 4351 1171 4434 diximus,
1199 4373 1280 4420 nuuc
1303 4355 1366 4420 tria
1389 4375 1470 4443 quae

231 4513 446 4523 ——-.

306 4593 327 4665 ¹)
346 4597 394 4667 111,
416 4597 440 4666 1,
459 4612 485 4668 p.
508 4595 550 4664 11,
568 4599 625 4651 not.
645 4594 671 4651 3.
