3314 5124
698 378 897 440 ,η-

270 555 493 623 Controversia
516 557 600 622 enirn
623 560 681 636 est,
708 577 788 641 quae
811 556 895 622 inter
918 577 943 622 c.
970 557 1057 639 56,5
1081 557 1177 623 verba
1200 558 1313 644 quibus
1333 558 1421 644 quali

177 666 299 730 ratione
315 662 524 730 Phocensium
540 663 634 729 duces
650 661 808 746 sacrilegii
825 663 995 749 participes
1011 664 1137 746 fixerint,
1159 667 1267 752 paucis
1284 687 1422 732 summa-

176 775 234 839 tim
260 771 542 859 comprehenditur,
568 775 601 837 et
624 791 677 836 eos
700 769 796 850 locos,
821 771 934 857 quibus
958 770 996 836 de
1020 771 1152 856 singulis
1169 774 1208 839 iis
1224 774 1257 838 in
1273 776 1421 840 continua

177 880 255 946 belli
283 881 463 946 narratione
492 880 658 966 exponitur
686 881 767 944 ratio
796 879 980 945 intercedat.
1035 879 1173 947 Offendit
1206 884 1289 948 enim
1325 903 1420 968 quam

177 990 325 1070 maxime,
350 987 433 1074 quod
449 987 487 1053 de
503 985 681 1052 Philomclo
698 985 775 1052 duce
792 981 912 1068 eodem,
937 1007 1031 1076 quem
1047 1008 1137 1054 sacra
1161 989 1243 1055 dona
1266 989 1420 1077 spoliasse

177 1100 210 1163 In
234 1117 260 1162 c.
287 1099 344 1178 30,
369 1104 382 1159 1
408 1096 523 1162 diserte
547 1094 678 1160 indicari
701 1093 793 1159 modo
817 1093 968 1176 vidimuS,
998 1098 1031 1161 iu
1055 1116 1080 1162 c.
1108 1098 1165 1179 56,
1188 1106 1205 1162 5
1227 1118 1290 1163 non
1317 1100 1420 1168 rninus

179 1204 295 1271 diserte
312 1205 503 1271 contrarium
519 1205 622 1288 ipsum
639 1201 829 1267 affirmatur:
864 1204 925 1266 τῶν
941 1202 975 1266 dd
991 1209 1270 1289 προγεγενημένων
1285 1223 1420 1292 στρατη-

176 1315 242 1390 γῶν
269 1310 287 1376 ὁ
316 1311 375 1394 μὲν
402 1313 527 1396 πρῶτος
561 1310 661 1395 ἄρξας
692 1308 874 1393 Φιλόμηλος
901 1308 1058 1390 ἀπέσχετο
1088 1314 1150 1375 τῶν
1183 1312 1419 1398 ἀναθημάτων.

177 1419 218 1485 Α.
245 1419 395 1485 Schaefer
404 1419 428 1504 ¹)
453 1417 500 1483 ita
523 1437 556 1484 se
585 1415 759 1502 expedivit,
788 1420 824 1481 ut
850 1415 909 1482 iila
937 1437 962 1482 c.
989 1420 1085 1502 30,1
1114 1407 1267 1486 relatione
1295 1422 1420 1488 omnino

176 1527 352 1614 repudiata,
377 1546 402 1592 c.
422 1528 464 1592 56
488 1525 668 1590 narratione
692 1528 728 1589 ut
751 1523 820 1589 sola
844 1545 916 1592 vera
936 1525 1090 1613 adoptata
1105 1526 1266 1614 Polyaeno
1291 1535 1419 1596 auctore

179 1634 214 1718 V,
240 1637 282 1701 46
307 1637 387 1718 (τοῖς
410 1633 503 1719 ἱεροῖς
525 1632 682 1718 χρήμασιν
705 1631 821 1717 ἀνέδην
844 1633 1089 1720 ἀποχρώμενος)
1105 1634 1319 1702 Philomelum
1340 1637 1420 1702 nihil

177 1741 264 1808 aliud
280 1763 374 1827 quarn
391 1762 552 1807 versuram
576 1761 595 1804 a
618 1740 737 1844 templo
753 1738 908 1826 Delphico
932 1743 1053 1824 fecisse,
1079 1743 1419 1831 spoliatione-prorsus

177 1853 365 1920 abstinuisse
389 1855 545 1918 statueret
553 1854 590 1937 ²),
615 1872 711 1937 quam
726 1850 968 1937 explicationem
984 1847 1112 1916 Haakio
1129 1858 1259 1938 excepto
1276 1854 1419 1920 omnibus

176 1961 358 2049 probavisse
382 1959 515 2042 videtur,
540 1958 687 2045 probavit
709 1962 792 2024 certe
810 1956 1058 2044 Volquardsono,
1084 1961 1138 2044 qui
1153 1962 1331 2046 nuperrime
1349 1982 1419 2026 earn

176 2070 317 2137 defendit
325 2072 362 2155 ³),
389 2067 496 2134 Curtio
504 2071 542 2153 ⁴),
568 2065 686 2133 Packio
696 2069 733 2153 ⁵),
758 2068 812 2153 qui
835 2067 955 2153 primus
979 2086 1107 2132 causam
1123 2066 1264 2154 aliquam
1281 2067 1417 2135 addidit:

176 2199 214 2244 cx
238 2178 416 2244 confusione
441 2175 492 2242 vel
516 2196 619 2241 errore
642 2174 773 2241 Diodori
795 2173 893 2239 verba
916 2172 975 2238 illa
1003 2193 1029 2239 c.
1055 2176 1151 2257 30‚1
1180 2175 1323 2262 profecta
1351 2197 1418 2242 esse
1512 2167 1515 2174 ’

177 2289 322 2374 opinatus
350 2286 412 2352 est!
461 2283 504 2350 Ut
533 2286 584 2349 via
613 2303 649 2349 ac
678 2283 800 2349 ratione
829 2283 862 2346 in
885 2281 944 2347 hac
972 2284 1186 2348 controversia
1215 2283 1420 2369 disceptanda

176 2400 316 2475 utamur,
346 2393 423 2458 duos
450 2391 524 2462 illos
552 2390 638 2457 locos
665 2391 726 2456 sibi
754 2392 928 2457 contrarios
956 2391 1096 2475 singulos
1124 2413 1180 2479 per
1203 2413 1237 2458 se
1261 2394 1328 2458 sine
1351 2392 1419 2474 ulla

175 2503 381 2589 praesumpta
398 2501 542 2586 opinione
559 2519 654 2585 quam
670 2499 904 2591 accuratissime
920 2501 1148 2586 perquiramus,
1171 2500 1203 2565 id
1219 2499 1302 2585 quod
1318 2500 1418 2566 multo

175 2611 291 2676 rectius
320 2608 399 2673 mihi
426 2607 564 2689 videtur,
600 2628 696 2694 quarn
724 2605 821 2671 aliam
849 2605 1037 2673 relationem
1065 2611 1101 2673 ut
1128 2607 1245 2674 falsam
1279 2610 1417 2689 reiicere,

176 2717 274 2784 aliam
298 2737 337 2782 ex
359 2714 462 2781 alieno
480 2715 641 2801 scriptore,
667 2714 704 2779 de
721 2716 807 2780 cuius
823 2715 910 2780 fonte
926 2714 1006 2780 nihil
1023 2714 1222 2802 exploratum
1238 2720 1297 2798 est,
1322 2717 1419 2781 inter-

176 2826 306 2912 pretari,
331 2823 559 2909 discrepantias
584 2823 800 2908 apertissimas
820 2822 953 2890 infirmis
970 2824 1156 2890 coniecturis
1171 2823 1285 2889 tollere
1302 2824 1416 2889 conari.

267 2931 421 2998 Maximos
444 2932 477 2997 in
493 2931 654 2997 Schaeferi
677 2932 868 2997 sententiam
892 2931 1054 3018 scrupulos
1077 2953 1202 3019 semper
1224 2935 1257 2997 in
1281 2953 1331 2998 me
1352 2953 1419 2997 mc-

176 3045 289 3108 verunt
311 3039 469 3107 Diodorea
491 3039 589 3106 verba
612 3058 638 3104 c.
664 3041 717 3121 28,
741 3045 758 3103 2
782 3044 837 3103 roi)
859 3040 893 3104 δὲ
916 3041 1059 3123 πολέμου
1083 3041 1315 3127 προςδεομένου
1338 3064 1417 3126 χρη-

176 3151 298 3233 μάτων,
322 3151 383 3212 τῶν
397 3148 456 3230 μὲν
471 3145 562 3233 ἱερῶν
578 3145 803 3231 ἀναθημάτων
818 3149 982 3228 οἶπείχεοο,
1003 3149 1074 3222 τοὺς
1090 3148 1124 3211 dd·
1139 3147 1290 3232 Δελφοὺς
1306 3146 1418 3214 εὔδαι-

176 3263 272 3340 μονίᾳ
296 3257 348 3319 καὶ
372 3255 502 3338 πλούτῳ
526 3254 738 3341 διαφέροντας
761 3255 925 3341 ἐπράξατο
953 3257 1083 3341 πλῆθος
1112 3255 1281 3342 χρημάτων
1308 3253 1420 3319 ἱκανὸν

177 3369 220 3440 εἰς
245 3365 316 3438 τοὺς
341 3367 402 3426 τῶν
426 3366 524 3438 ξένων
546 3363 695 3444 μισθοὺς.
744 3361 953 3440 Quamobrem
976 3361 1186 3444 PhilomeluS,
1215 3363 1240 3428 si
1265 3383 1285 3427 a
1307 3361 1420 3449 templi

177 3472 326 3538 thesauro
350 3471 497 3556 pecunias
520 3473 659 3552 mutuari
683 3471 712 3536 ci
735 3469 836 3552 licuit,
862 3469 1108 3557 alooupletibus
1124 3469 1320 3557 Delphorum
1336 3468 1419 3534 rnili-

177 3585 244 3646 tum
269 3579 429 3665 stipendia
452 3577 576 3660 exegit?
618 3576 826 3655 Quamobrem
851 3601 1008 3646 summurn
1023 3578 1218 3666 Delphorum
1237 3577 1343 3644 odium
1359 3578 1420 3644 sibi

178 3688 344 3768 excitavit,
374 3707 445 3752 curn
473 3686 526 3750 via
553 3686 682 3751 minime
705 3685 835 3790 ipsolita
857 3689 1005 3773 pecunias
1029 3707 1211 3773 comparare
1236 3688 1265 3751 ei
1288 3684 1418 3752 liceret?

178 3796 261 3862 Sane
285 3795 399 3860 mirum
423 3793 579 3879 estquod
602 3791 805 3879 ἀναθήματα
829 3799 862 3860 et
885 3795 1031 3880 χρήματα
1055 3798 1122 3860 tarn
1146 3793 1262 3860 diserte
1286 3792 1348 3858 sibi
1365 3813 1420 3879 cp-

179 3908 350 3991 ponuntur,
375 3899 571 3966 Philomelus
595 3901 676 3967 nihil
699 3901 737 3967 de
761 3903 900 3989 pecuniis
925 3903 1022 3968 sacris
1046 3902 1233 3984 cogitavisse
1257 3901 1394 3967 videtur!

254 4119 272 4186 ¹)
293 4123 314 4187 I,
333 4139 360 4190 p.
380 4121 444 4188 453,
463 4123 519 4177 not.
542 4123 565 4174 l.
858 4173 860 4178 ,
993 4075 1013 4114 ⁶

252 4208 273 4276 ²)
295 4212 326 4264 of.
348 4215 442 4264 contra
460 4211 527 4264 lust.
547 4210 626 4276 VIII,
653 4211 665 4262 1
688 4227 751 4266 auro
772 4213 800 4264 et
817 4211 933 4279 pecunia
951 4211 1047 4265 divites
1067 4213 1118 4264 etc.
1155 4211 1235 4264 Paus.
1257 4210 1303 4276 10,
1331 4210 1362 4276 8,
1388 4210 1418 4276 3;

181 4301 346 4370 Theopompi
366 4302 431 4368 frag.
456 4299 514 4353 182.

251 4387 273 4455 ⁸)
292 4391 444 4445 Jahresber.
464 4389 569 4458 V11,p.
590 4391 650 4444 401.

252 4477 278 4546 4>
295 4481 339 4536 er.
359 4479 435 4546 ursa,
454 4478 520 4534 111³
538 4497 566 4550 p.
586 4480 648 4546 vac,
667 4483 725 4537 noa
747 4481 789 4534 ro.

252 4568 275 4638 ⁸)
294 4588 321 4640 p.
342 4569 403 4626 ιον.
753 4561 757 4565 ’
