3314 5124
699 375 921 442 ...13-

186 556 214 622 si
244 553 371 642 quidem
400 558 619 640 argumentum
647 555 727 621 illud
754 559 920 643 tantopore
948 577 1089 644 premere
1118 557 1147 623 ci
1169 556 1284 624 libuit?
1321 557 1430 645 Neque

185 665 289 748 magis
317 663 492 750 probabilis
520 684 616 731 causa
643 664 775 748 cogitari
803 670 923 752 potest,
960 687 1014 733 cur
1041 687 1109 753 cap.
1139 667 1199 749 35,
1228 668 1271 732 36
1300 688 1362 732 uon
1390 665 1432 732 ad

185 771 320 838 eundem
344 775 504 854 auctorem
528 792 599 838 curn
623 775 767 855 30-33,
792 775 926 839 37-40
949 774 1135 840 referemus:
1170 773 1327 840 Diodorus
1342 773 1432 840 nulla

185 879 308 945 ratione
333 880 399 946 eius
422 880 470 945 rei
493 879 613 962 habite,
637 881 701 945 utri
724 881 808 967 parti
832 885 942 947 auctor
964 903 1038 948 suus
1062 883 1191 966 faveret,
1216 882 1357 966 singulas
1380 903 1430 948 res

185 986 375 1074 simpliciter
397 987 541 1074 nudeque
565 987 673 1054 ordine
696 1009 752 1054 suo
768 993 949 1074 persecutus
965 993 1023 1055 est.
1064 987 1213 1055 Extrema
1230 1009 1256 1056 c.
1274 991 1316 1056 35
1335 990 1432 1056 verba

185 1095 258 1168 τοὺς
281 1094 429 1170 δ’ἄλλοος
451 1095 493 1170 ὥς
514 1094 694 1182 ἱεροσύλους
715 1097 924 1162 κατεπόντισε
946 1097 1065 1166 nullius
1086 1099 1240 1164 momenti
1263 1102 1344 1164 sunt.
1393 1098 1431 1163 In

185 1223 212 1270 c.
238 1205 280 1270 38
307 1224 379 1269 vero
402 1204 649 1286 δεισιδαιμονίας
671 1205 807 1288 vestigia
828 1204 888 1272 illa
909 1209 1074 1292 tantopere
1103 1227 1212 1293 pressa
1240 1211 1352 1294 aperta
1374 1227 1431 1293 pa-

184 1316 269 1378 tent:
299 1310 436 1397 ηῧξηκώς
458 1310 573 1378 ἑαυτοῦ
596 1313 651 1399 τὴν
674 1313 840 1395 βασιλείαν
863 1325 931 1388 ταῖς
955 1337 987 1377 σε
1010 1315 1146 1400 πράξεσι
1168 1315 1221 1378 καὶ
1244 1317 1279 1406 τῇ
1298 1316 1379 1402 πρὸς
1396 1315 1430 1378 τὸ

173 1425 279 1508 ,θετον
302 1419 445 1503 εὒσεβείᾳ
468 1421 534 1506 §L
559 1423 592 1486 et
614 1421 669 1506 §6
693 1420 858 1496 ἐπιπόνως
879 1422 933 1485 καί
957 1425 1009 1509 τῆς
1030 1421 1178 1506 ἀσεβείας
1193 1426 1309 1498 οἰκείως
1324 1427 1431 1487 καιέσ-

185 1539 285 1614 ιρεψε
309 1529 435 1610 ιδνβίον
445 1529 479 1614 ¹).
520 1527 592 1594 Non
616 1528 714 1594 aliurn
737 1529 874 1596 colorem
896 1530 1027 1597 Diodori
1050 1532 1147 1598 verba
1170 1551 1195 1598 c.
1222 1533 1275 1614 56,
1301 1534 1322 1594 4
1345 1531 1432 1596 exhi-

184 1636 275 1702 bent:
312 1637 454 1723 (Φίλιον)
477 1637 514 1701 δέ
536 1650 604 1712 ταῖς
626 1638 775 1719 ἐσχάταις
798 1642 914 1715 αἰκίαις
937 1642 1120 1727 περιπεσών
1142 1643 1262 1706 οἰκείαν
1285 1643 1337 1727 τῆς
1358 1639 1432 1702 ἆσε-
1493 1667 1502 1684 ·

183 1750 273 1827 η’ίείας
295 1744 367 1825 ἔσχε
390 1746 446 1830 ιην
469 1747 524 1812 τοῦ
547 1750 618 1828 βίον
637 1748 871 1833 καταστροφὴν,
896 1769 976 1834 quac
992 1748 1126 1814 cundem
1141 1769 1234 1835 quem
1250 1749 1283 1814 in
1299 1769 1368 1835 opp.
1387 1749 1427 1813 31

121 1889 123 1892 ·
186 1857 219 1918 et
242 1854 303 1935 38,
332 1857 492 1920 auctorem
520 1853 698 1920 adhibitum
726 1875 794 1922 esso
824 1856 917 1922 facile
946 1855 1041 1923 alicui
1064 1861 1174 1924 contra
1197 1861 1337 1923 nostram
1362 1877 1432 1922 sen-

184 1961 321 2027 tentiam
343 1983 439 2048 supra
461 1962 679 2028 confirmatam
702 1965 890 2055 persuadere
915 1965 1046 2052 possint.
1092 1964 1155 2032 Sed
1177 1965 1347 2032 tenendum
1371 1968 1430 2046 est,

185 2069 455 2136 narratiunculam
479 2072 497 2156 ξ
522 2073 552 2153 7,
582 2091 676 2157 quarn
700 2074 797 2159 priori
821 2073 979 2140 Diodorco
1003 2072 1123 2140 auctori
1146 2079 1230 2140 recte
1254 2072 1430 2139 vindicasse

185 2176 264 2242 mihi
294 2177 416 2261 videor,
453 2178 618 2246 simillima
645 2182 804 2247 sententia
831 2181 1008 2247 terminari:
1045 2179 1121 2246 ὁδὲ
1148 2185 1200 2267 ιῇς
1228 2186 1433 2267 παρανομίας

186 2279 303 2370 ταύτης
324 2285 449 2370 ἡγεμδν
474 2287 582 2351 Φίλων
604 2287 621 2352 ὁ
645 2293 869 2374 προειρημένος
893 2289 973 2371 ταχὺ
997 2291 1038 2376 τῷ
1061 2290 1214 2374 δαιμονίῳ
1239 2290 1295 2362 τὰς
1317 2312 1432 2374 προςη-

185 2393 302 2467 κοιίσας
324 2392 414 2468 δίκας
436 2394 560 2477 ἐξέτισε,
585 2416 665 2482 quac
688 2396 786 2462 verba
809 2397 849 2462 ab
866 2395 922 2463 illc
939 2402 1065 2463 auctore
1082 2397 1210 2462 minime
1227 2395 1331 2462 aliena
1346 2400 1430 2478 sunt,

185 2501 240 2586 qui
262 2499 389 2566 fabulas
413 2505 446 2566 et
461 2499 686 2588 Delphioorum
710 2502 906 2569 sacerdotum
923 2503 1112 2570 traditiones
1126 2525 1188 2570 non
1205 2505 1333 2590 sprevit.
1370 2501 1431 2568 Vix

186 2607 325 2674 dubitari
360 2613 480 2695 potest,
517 2610 592 2696 quin
626 2610 667 2676 ad
695 2609 827 2678 eundem
855 2607 1004 2694 fontem,'
1025 2610 1198 2698 Delphicos
1225 2615 1330 2692 vates
1367 2609 1432 2676 alia
1504 2675 1506 2678 ,

185 2738 309 2804 quoquc
337 2717 490 2785 nonnulla
513 2717 689 2786 Diodorcae
717 2721 908 2787 narrationis
935 2719 1099 2786 referenda
1126 2720 1205 2803 sint,
1234 2717 1322 2786 velut
1350 2716 1432 2783 Ono

186 2826 307 2892 marchi
331 2827 487 2892 somnium
510 2828 543 2892 in
566 2847 592 2893 c.
618 2829 660 2893 38
670 2828 706 2912 ²).
928 2899 934 2910 ,

275 2933 336 3000 His
372 2936 565 3017 argumentis
601 2934 754 3001 adductus
788 2955 828 3001 ne
855 2937 992 3022 priorem
1027 2935 1154 3022 quidem
1182 2955 1207 3002 c.
1235 2936 1277 3000 56
1306 2937 1431 3020 partem

185 3044 306 3108 auctori
335 3063 405 3130 cpp.
437 3045 577 3108 23-27
607 3042 683 3108 dare
716 3063 839 3125 vereor,
876 3064 976 3130 neque
1010 3041 1105 3108 aliter
1140 3042 1178 3109 de
1213 3042 1329 3109 fabulis
1364 3043 1430 3107 sine

186 3149 279 3217 dubie
304 3150 443 3217 eiusdem
472 3152 601 3234 originis
629 3150 745 3234 iudico,
775 3173 857 3237 quae
885 3172 910 3217 c.
942 3153 983 3216 b'l
1013 3155 1046 3216 et
1073 3170 1099 3217 c.
1132 3153 1189 3232 58,
1210 3157 1292 3214 4-6
1322 3172 1431 3216 narra-

186 3259 265 3324 tioni
292 3259 430 3356 insertae
459 3263 532 3325 sunt
566 3280 637 3326 curn
672 3280 712 3326 ca
744 3259 905 3326 levissime
934 3264 1096 3341 consutae,
1133 3259 1288 3345 imprimis
1317 3279 1343 3324 o.
1375 3259 1428 3341 58,

185 3373 267 3429 4-6
303 3365 355 3432 cll.
385 3364 478 3433 Paus.
511 3370 568 3449 10,
605 3370 663 3450 36,
700 3371 736 3450 33
772 3389 851 3455 quas
885 3367 1001 3434 diutius
1029 3368 1145 3433 morari
1172 3387 1235 3432 non
1264 3387 1342 3452 opus
1370 3370 1427 3432 cst.

186 3472 248 3539 Sed
276 3494 339 3539 non
367 3473 469 3540 solum
497 3474 621 3541 fabulas
644 3474 733 3558 illas,
763 3475 818 3541 scd
846 3475 944 3541 etiarn
972 3495 998 3541 c.
1030 3475 1173 3541 58-60
1202 3475 1327 3539 omnino
1355 3474 1430 3539 reli-

185 3582 361 3664 giosissimo
401 3580 450 3646 illi
489 3585 608 3648 auctori
647 3582 865 3670 Volquardsen
909 3586 941 3648 et
978 3581 1067 3648 Pack
1110 3582 1300 3663 tribuerunt,
1346 3580 1430 3668 quod

186 3689 298 3775 quibus
327 3688 365 3755 de
394 3691 496 3757 causis
524 3691 652 3757 minime
682 3691 759 3756 mihi
787 3691 1005 3777 probaverint,
1035 3691 1141 3776 capita
1164 3688 1223 3754 illa
1246 3693 1337 3754 caute
1361 3708 1430 3775 per-

186 3797 415 3880 vestigantibus
451 3802 541 3864 extra
575 3797 675 3864 ullam
710 3798 938 3864 dubitationem
976 3798 1045 3864 erit.
1102 3795 1242 3862 Primum
1278 3798 1361 3862 enim
1396 3798 1430 3861 in

187 3925 211 3971 o.
238 3907 291 3987 59,
318 3908 360 3971 60
384 3905 485 3971 ullum
509 3907 755 3990 δεισιδαιμονίας
778 3906 830 3972 vel
852 3906 967 3972 summi
990 3905 1023 3970 in
1045 3903 1222 3971 Phocenses
1247 3904 1311 3971 odii
1333 3905 1430 3971 vesti·

186 4013 271 4096 giurn
295 4017 403 4079 extare
426 4013 605 4097 negandum
629 4017 686 4080 est.
727 4011 816 4092 Quod
839 4014 872 4079 in
887 4012 1158 4099 Amphictyonum
1181 4012 1315 4079 decretis
1335 4011 1430 4079 verba

260 4213 280 4282 ¹)
299 4215 425 4270 Notanoa
443 4218 509 4270 sunt
528 4213 589 4283 §62
609 4217 653 4270 τὸν
673 4214 838 4287 ’θιομδμχοο
858 4217 913 4269 υἱὸν
925 4219 973 4268 τοῦ
985 4216 1029 4268 τὸν
1043 4216 1113 4282 ἱερὸν
1126 4215 1241 4280 πόλεμον
1255 4214 1428 4276 ἐκκαόοαντος

185 4307 230 4360 κτλ
249 4307 413 4376 quibuscum
432 4305 553 4360 conferas
571 4303 650 4372 (133,
664 4323 677 4362 1
692 4303 851 4374 (Φιλόμηλος
863 4305 989 4366 ἐξέκαυσε
1001 4306 1045 4358 τὸν
1058 4305 1129 4374 ἱερὸν
1141 4301 1277 4370 πόλεμον).
1309 4303 1424 4358 Videtur

186 4397 230 4450 hic
248 4399 343 4450 auctor
363 4395 397 4450 de
415 4395 581 4450 Onomarcho
600 4394 781 4449 Phocensium
800 4397 890 4448 motus
909 4397 1020 4449 auctore
1039 4395 1173 4463 copiosius
1196 4393 1367 4459 disseruisse,
1392 4393 1425 4446 οί.

186 4485 231 4550 32,
245 4503 272 4552 a;
291 4485 335 4552 31,
351 4503 372 4542 a.
410 4485 535 4540 Sohaefer
552 4486 574 4552 1,
592 4502 620 4554 p.
639 4483 703 4540 445.

260 4572 282 4641 ¹)
303 4575 374 4630 Pacu
393 4591 420 4644 p.
442 4575 501 4630 187.
