3314 5124
779 389 974 451 .-6-.

259 564 346 632 aliud
368 567 450 631 inter
465 565 595 632 Diodori
619 572 762 633 auctores
786 566 954 633 discrimen
978 572 1066 632 extat
1086 569 1218 633 maximi
1234 569 1390 655 ponderis
1416 569 1500 656 quod

259 675 443 743 coniecturis
467 675 551 739 omni
575 677 763 741 auctoritate
787 674 964 741 carentibus
986 675 1121 741 emedio
1138 675 1251 766 tollere
1268 679 1396 743 minime
1412 677 1497 744 licet.

258 781 364 868 Atque
392 782 450 849 hoc
479 783 645 849 discrimen
674 783 714 849 ad
742 784 844 850 fontes
874 805 893 849 a
920 784 1057 851 Diodoro
1086 777 1245 852 adhibitos
1274 787 1426 853 eruendos
1462 807 1500 854 ac

258 894 342 956 recte
366 891 579 956 aestimandos
603 891 823 973 gravissimum
847 896 1066 984 argumentum
1089 914 1157 959 esse
1182 893 1260 959 mihi
1284 895 1416 960 videtur.

347 996 495 1082 Legimus
524 1000 606 1064 enim
635 1019 660 1064 e.
691 1000 748 1080 25,
785 999 859 1065 dum
887 998 999 1065 Boeoti
1028 1000 1163 1088 Delphis
1192 1001 1339 1068 auxiliari
1373 1007 1498 1088 parant,

257 1103 470 1171 Philomelum
493 1105 647 1192 templum
670 1127 759 1172 muro
783 1107 1034 1188 circumdedisse,
1060 1109 1226 1195 stipendiis
1250 1109 1380 1175 dimidio
1398 1111 1499 1177 auctis

257 1213 375 1280 multos
398 1217 605 1282 mercenarios
630 1217 776 1298 coegisse.
825 1216 920 1282 Haud
944 1216 1035 1283 dubie
1061 1218 1193 1284 eandem
1222 1239 1288 1284 rem
1317 1217 1399 1284 alter
1423 1219 1500 1285 Dio-

258 1322 326 1388 dori
354 1327 462 1389 auctor
498 1326 538 1409 (c.
571 1325 627 1409 30)
664 1328 978 1405 commemoraverat,
1014 1325 1070 1391 sed
1105 1326 1323 1393 additamento
1360 1349 1501 1394 summae

259 1432 456 1498 auctoritatis
480 1432 717 1518 amplificatam.
765 1433 866 1500 Addit
889 1436 973 1499 enim
996 1434 1167 1502 Diodorus:
1205 1437 1437 1522 προςδεομένοο
1465 1437 1500 1501 a

260 1542 314 1602 roa
338 1539 479 1621 πολέμου
502 1541 672 1626 χρημάτων
695 1541 867 1617 πλειόνων,
889 1539 1084 1628 ἧναγκοίζετο
1101 1555 1164 1618 τοῖς
1179 1542 1272 1630 ἱεροῖς
1287 1542 1501 1630 ἀναθήμασιν

259 1645 425 1728 ἐπιβαλεῖν
454 1641 509 1721 rar
537 1660 643 1734 χεῖρας
671 1650 724 1712 καὶ
751 1650 851 1714 σολᾶν
883 1651 916 1713 τὸ
952 1663 1111 1733 μαντεῖον.
1164 1649 1249 1728 Quae
1285 1651 1502 1737 discrepantia

258 1756 350 1818 tanta
378 1757 440 1834 est,
470 1758 590 1841 quanta
618 1751 635 1820 e
659 1754 749 1820 nulla
773 1755 894 1822 aliare
922 1759 983 1824 nisi
1008 1779 1024 1824 e
1048 1757 1252 1824 relationibus
1277 1779 1402 1844 prorsus
1427 1779 1500 1825 con-

257 1861 364 1926 trariis
393 1882 412 1926 a
440 1861 623 1953 Diodoro'e
653 1863 772 1930 duobus
801 1864 866 1931 illis
884 1861 1034 1932 ‘fontibus
1061 1867 1170 1953 petitis
1199 1866 1348 1952 explicari
1382 1871 1497 1952 potest.

257 1967 316 2034 Est
332 1970 414 2034 enim
432 1969 657 2057 discrepantia3
683 1993 756 2037 nam
773 1975 909 2059 priorem
926 1977 1084 2038 auctorem
1100 1976 1132 2038 in
1150 1974 1261 2040 eadem
1284 1995 1317 2039 re
1342 1974 1500 2040 narranda

258 2079 298 2162 (e.
331 2078 389 2162 25)
417 2076 497 2143 nihil
526 2078 564 2144 de
592 2079 713 2167 templo
743 2079 961 2146 aPhilomelo
990 2080 1113 2167 direpto
1143 2083 1339 2168 exposuisse,
1369 2081 1500 2178 Diodori

256 2186 355 2251 verba
366 2185 589 2273 subsequentia
601 2187 728 2270 docent3
742 2176 894 2254 eiusmodi
908 2188 990 2252 enim
1004 2208 1029 2254 c.
1045 2191 1098 2270 27,
1112 2197 1129 2252 3
1142 2190 1179 2254 ob
1193 2202 1257 2264 τοῖς
1269 2189 1362 2275 ἱεροῖς
1373 2191 1500 2277 χρήμα-

257 2312 307 2356 οιν
330 2295 547 2376 ἐπιβουλεύων
570 2298 602 2360 et
625 2297 643 2380 ξ
668 2299 689 2360 4
713 2300 774 2359 τῶν
797 2296 831 2360 δὲ
854 2297 1025 2381 χρημάτων
1050 2298 1104 2360 τὸν
1130 2298 1226 2376 λόγον
1241 2297 1303 2384 ἔφη
1319 2301 1422 2362 πᾶσιν
1438 2311 1500 2374 τοϊς

252 2398 406 2487 Ἕλλησιν
428 2401 611 2466 ἀποδώσειν
634 2403 686 2466 καὶ
711 2403 800 2466 τόντε
822 2404 972 2485 σταθμὸν
987 2405 1039 2467 καὶ
1056 2405 1111 2468 τὸν
1126 2403 1272 2490 ἀριθμὸν
1289 2409 1349 2469 τῶν
1364 2407 1498 2492 ἀναθη-

171 2547 173 2552 ,
255 2497 366 2592 βάτων
389 2513 511 2593 ἕτοιμος
533 2515 615 2574 εἶναι
640 2511 859 2598 παραδιδόναι
885 2523 948 2586 τοῖς
971 2513 1173 2595 βουλομένοις
1193 2513 1352 2588 ἐξετάζειν
1373 2515 1499 2582 omnino

256 2638 312 2683 nos
336 2617 489 2704 suspicari
512 2622 637 2700 vetant,
663 2622 821 2684 auctorem
845 2618 975 2684 Diodori
1001 2619 1105 2685 simile
1129 2620 1204 2706 quid
1227 2627 1322 2707 atque
1347 2623 1380 2686 in
1403 2642 1428 2688 c.
1456 2624 1499 2688 30

256 2730 315 2806 est,
339 2724 434 2811 paulo
459 2730 532 2792 ante
557 2727 742 2792 narravisse.
785 2724 845 2790 Vix
863 2728 970 2806 timeo,
996 2747 1034 2791 ne
1051 2727 1120 2812 quis
1137 2727 1241 2792 verbis
1259 2731 1335 2809 293
1352 2729 1500 2813 ἀτάφους

256 2839 430 2918 ρίπτεσθαι
448 2835 519 2908 τοὺς
534 2832 710 2919 ἱεροσύλους
727 2833 1015 2920 aliquidmomenti
1037 2834 1165 2899 tribuat.
1207 2835 1253 2899 At
1276 2835 1391 2901 dixerit
1414 2839 1499 2923 quis-

257 2942 356 3027 piam:
389 2941 538 3020 „Diodori
561 2941 687 3008 levitati
711 2941 837 3007 omissio
862 2940 920 3007 illa
943 2941 1111 3007 tribuenda
1135 2945 1184 3008 est
1199 2962 1299 3028 neque
1317 2964 1355 3008 ex
1371 2943 1498 3011 silentio

185 3051 204 3068 ⁸
258 3053 476 3132 argumentum
501 3055 608 3136 petere
632 3049 742 3115 hecti«
784 3048 850 3132 Ege
875 3065 1046 3135 numquam
1069 3054 1105 3116 ut
1120 3048 1258 3139 Diodoro
1280 3055 1404 3116 tantam
1421 3052 1499 3117 levi-

257 3161 358 3222 tatem
374 3158 537 3244 imputem,
555 3179 574 3222 a
590 3179 639 3224 me
656 3159 826 3244 impetrare
843 3180 980 3246 possum,
1002 3163 1127 3226 tantam
1144 3165 1178 3226 ut
1193 3182 1260 3226 rem
1276 3166 1344 3226 tam
1357 3183 1498 3246 gravem,

257 3263 404 3351 Delphici
427 3265 541 3351 templi
564 3263 795 3351 spoliationem,
820 3267 1071 3352 praetermisisse
1095 3289 1166 3333 eum
1190 3269 1324 3334 credam.

348 3372 397 3438 De
425 3374 528 3460 priore
557 3375 654 3456 igitur
681 3375 861 3440 narratione
891 3375 943 3440 uix
979 3373 1116 3440 dubitari
1151 3380 1271 3462 potest:
1314 3376 1352 3442 de
1386 3377 1499 3464 templi

257 3481 445 3567 spoliatione
462 3485 572 3547 auctor
588 3480 644 3546 ille
657 3481 737 3546 nihil
749 3480 881 3563 dixerat,
899 3481 954 3548 sed
966 3481 1049 3547 alter
1061 3482 1098 3549 de
1112 3483 1276 3566 sacrilegio
1290 3475 1498 3564 Phocensium

258 3594 355 3675 atque
379 3575 534 3676 imprimis
557 3587 727 3654 Philomeli
751 3589 876 3654 uberius
902 3589 1093 3654 disseruerat
1115 3610 1215 3675 neque
1240 3592 1299 3656 nisi
1323 3593 1500 3658 certissima

258 3702 445 3780 argumenta
468 3699 676 3785 proferuntur,
702 3699 777 3784 quin
793 3697 949 3767 Diodorus
973 3697 1069 3764 fontis
1093 3699 1140 3764 sui
1161 3698 1347 3764 relationem
1363 3700 1395 3765 in
1411 3720 1436 3766 c.
1455 3701 1498 3765 30

257 3807 431 3873 rectissime
456 3806 637 3888 reddiderit,
663 3806 807 3872 dubitare
831 3804 915 3871 licet.
957 3804 1009 3871 Ad
1032 3805 1113 3871 hanc
1137 3827 1250 3880 meam,
1276 3829 1355 3893 quae
1372 3806 1498 3874 Haabio

258 3919 387 4000 excepto
412 3917 463 4001 qui
478 3917 500 4001 ¹)
524 3917 643 4002 primus
667 3919 762 3999 atque
786 3912 872 3980 solus
895 3914 1007 4000 quanti
1023 3916 1175 3979 momenti
1193 3914 1233 3979 ad
1250 3914 1380 3980 Diodori
1396 3916 1498 3981 fontes

258 4022 472 4089 diiudicandae
496 4022 710 4108 discrepantia
732 4020 790 4086 illa
813 4023 870 4102 sit,
900 4027 983 4087 recte
1008 4023 1168 4104 cognovit,
1200 4022 1239 4087 ab
1264 4024 1417 4103 omnium,
1445 4025 1499 4108 qui

258 4131 329 4196 huic
352 4131 529 4216 quaestioni
558 4151 665 4196 curam
693 4129 928 4215 impenderunt,
958 4128 1155 4215 opinionibus
1183 4151 1308 4216 prorsus
1339 4130 1497 4211 abhorret,

258 4240 447 4305 sententiam
461 4237 688 4304 defendendam
701 4238 764 4301 iam
777 4257 857 4314 nunc
869 4235 993 4322 reliqua
1004 4235 1162 4302 Diodorea
1175 4237 1280 4324 capita
1296 4237 1498 4324 inspiciamus

258 4366 384 4413 necesse
409 4350 467 4411 est.

335 4580 354 4649 ¹)
373 4601 400 4652 p.
421 4581 464 4637 50.
