3314 5124
663 361 886 430 ..19-

152 543 205 614 vel
240 546 376 613 auctoris
411 546 477 612 eius
513 547 671 612 sententia
705 567 828 613 sacrum
862 545 983 612 bellum
1014 543 1237 629 sacrilegorum
1265 544 1396 611 interitu

153 655 281 720 demum
305 653 524 741 (Archidamil
554 655 592 720 of.
622 675 647 722 ο.
679 657 737 736 88,
759 656 792 740 4)
828 655 950 720 finitum
974 673 1041 720 esse
1076 653 1224 737 colligere
1260 652 1395 719 audeat?

151 762 265 849 Neque
292 762 394 845 magis
422 761 584 848 probabile
614 767 676 843 est,
706 762 746 828 ab
775 767 901 828 auctore
930 768 1064 838 πίνακος
1091 761 1177 830 illius
1205 765 1238 828 in
1266 762 1396 849 reliquis

153 869 399 952 diligentissimi,
425 890 494 936 cum
517 869 637 935 bellum
660 871 763 956 ipsum
786 891 883 956 usque
908 870 949 936 ad
972 870 1094 936 cladem
1105 869 1312 938 Phocensium
1341 892 1398 957 per

153 977 264 1044 decem
292 997 390 1042 annos
418 998 439 1041 a
461 976 651 1064 Demophilo
679 982 841 1043 narratum
868 979 1054 1060 invenisset,
1089 979 1144 1063 τὴν
1172 979 1307 1064 φθορὰν
1336 981 1397 1042 τῶν

153 1086 410 1168 διανειμαμένων
427 1085 466 1148 τὰ
481 1083 551 1170 ἱεροὶ
571 1083 716 1171 χρήματα
736 1085 899 1152 undecimo
916 1107 997 1152 anno
1013 1086 1200 1152 attributam
1217 1107 1295 1152 esse.
1335 1085 1398 1151 Sed

153 1214 218 1260 non
240 1191 343 1258 solum
371 1197 511 1279 tempus,
540 1212 602 1278 quo
629 1191 749 1258 bellum
774 1193 962 1279 Demophilo
992 1197 1119 1262 auctore
1148 1199 1306 1280 coeptum,
1336 1215 1397 1280 quo

154 1302 281 1367 finitum
304 1303 356 1382 sit,
381 1299 511 1368 Diodori
534 1300 638 1368 verbis
662 1301 817 1382 docemur,
842 1301 1018 1368 sedetiam
1042 1301 1128 1368 aliud
1151 1302 1226 1388 quid
1250 1302 1351 1368 adhuc
1379 1324 1398 1368 a

154 1411 232 1476 viris
257 1408 367 1490 doctis,
391 1412 427 1474 ut
450 1408 583 1491 videtur,
611 1411 734 1476 omnino
758 1410 951 1493 neglectum:
987 1409 1136 1494 Legimus
1159 1412 1253 1492 enim,
1282 1409 1398 1476 Demo-

153 1517 280 1605 philum
304 1516 361 1582 sub
387 1536 467 1582 enno
493 1519 600 1599 105,4
621 1538 683 1584 non
706 1517 808 1584 solum
832 1518 944 1605 templi
968 1521 1201 1605 occupationem
1226 1518 1398 1585 sedetiam

155 1624 380 1712 spoliationem
414 1627 590 1691 narravisse
602 1626 641 1711 ¹),
671 1624 754 1711 quod
779 1625 908 1692 verbum
936 1627 997 1692 nisi
1019 1624 1107 1692 Pack
1134 1626 1399 1712 praetermisisset

154 1753 328 1818 numquam
354 1731 394 1798 ad
423 1734 616 1800 coniecturas
644 1732 704 1798 sibi
732 1733 810 1819 ipsis
837 1737 1049 1820 repugnantes
1076 1734 1275 1816 confugisset.
1323 1733 1400 1798 Fra

157 1841 278 1924 gmenti
301 1841 386 1906 enim
409 1839 495 1906 illius
520 1840 561 1905 ab
584 1839 749 1906 Athenaeo
772 1839 815 1906 Vl
838 1862 868 1927 p.
895 1843 997 1907 nand
1026 1863 1065 1907 ex
1087 1841 1207 1928 Ephori
1234 1840 1316 1910 libro
1342 1842 1399 1906 tri-

156 1949 273 2015 cesimo
297 1949 471 2034 excerpti2)
490 1946 620 2035 (hliiller
642 1948 680 2013 fr.
706 1948 736 2014 h.
760 1969 804 2030 gr.
825 1950 904 2035 155)
921 1949 1019 2016 verba
1034 1950 1080 2014 ita
1094 1950 1296 2035 interpretari
1311 1947 1399 2014 nullo

155 2055 249 2122 modo
266 2054 352 2136 licet,
370 2061 404 2122 ut
421 2077 492 2123 oum
507 2058 622 2122 notitia
636 2055 694 2122 illa
711 2056 748 2122 de
761 2057 951 2144 Demophilo
967 2081 988 2124 a
998 2057 1135 2124 Diodoro
1151 2056 1271 2122 tradita
1284 2060 1353 2144 (14,
1367 2058 1399 2142 3)

156 2168 189 2230 et
217 2185 289 2230 cum
317 2162 448 2229 Diodori
475 2165 573 2250 ipsius
606 2166 787 2232 narratione
822 2168 997 2232 consentire
1032 2165 1207 2232 videantur.
1259 2163 1400 2230 Primum

157 2274 251 2354 enim,
282 2272 310 2337 si
334 2269 547 2340 Onomarchns
569 2270 725 2358 Phayllus
747 2272 923 2340 Phalaecus
947 2276 1052 2340 omnia
1080 2277 1113 2339 et
1134 2270 1334 2359 ἀναθήματα
1369 2277 1401 2338 et

157 2377 303 2468 χρήματα
332 2400 349 2445 ο
376 2379 497 2466 templo
526 2379 695 2446 abstulisse
723 2380 913 2463 dicerentur,
949 2379 1145 2448 Philomelus
1173 2381 1269 2464 igitur
1300 2401 1401 2466 neque

159 2489 307 2574 pecunias
335 2507 435 2573 neque
464 2487 546 2553 dona
573 2495 664 2555 sacra
691 2489 843 2575 spoliasse
872 2489 1150 2574 significaretur2),
1175 2492 1208 2553 et
1236 2508 1261 2553 c.
1294 2489 1350 2568 14,
1373 2495 1400 2566 3,

161 2595 242 2681 quod
265 2595 488 2677 gravissimum
512 2599 571 2677 est,
596 2599 629 2662 et
652 2617 677 2663 ο.
704 2599 747 2662 30
771 2598 845 2683 (61)
870 2595 967 2664 verba
989 2596 1240 2682 obloquerentur.
1280 2595 1401 2660 Deinde

165 2704 193 2768 si
215 2703 251 2765 τὰ
274 2699 410 2766 ἅπαντα
433 2704 481 2768 ita
501 2704 723 2790 percipiuntur,
748 2710 783 2770 ut
803 2701 1003 2790 ἀναθήματα
1020 2702 1246 2770 subaudiantur
1263 2741 1304 2752 -
1322 2723 1401 2787 quae

165 2811 381 2896 interpretatio
398 2809 468 2876 sola
482 2815 571 2876 recta
585 2810 664 2876 mihi
679 2811 817 2895 videtur3
834 2813 970 2898 primum
983 2814 1066 2876 enim
1074 2831 1158 2897 quae
1174 2811 1405 2896 subsequuntur

162 2917 257 2984 verba
280 2917 320 2985 de
343 2915 465 2983 aliare
489 2922 584 3004 atque
607 2917 816 3005 ἀναθήμασιν
839 2920 978 3002 cogitare
999 2939 1055 2985 nos
1072 2922 1196 2985 vetant:
1221 2917 1301 2984 nihil
1317 2917 1403 2984 aliud

160 3023 370 3111 Demophilus
398 3023 479 3090 dixit
509 3046 590 3104 „non
625 3025 727 3092 solum
757 3025 984 3107 Onomarchns,
1020 3025 1190 3112 Phayllus,
1226 3024 1403 3091 Phalaecus

159 3135 266 3199 omnia
288 3129 488 3218 ἀναθήματα
512 3132 720 3215 abstulerunt,
745 3133 801 3200 sed
817 3135 915 3200 etiam
931 3135 1076 3217 coniuges
1092 3154 1199 3200 eorum
1216 3153 1306 3200 sacra
1322 3132 1404 3197 dona

158 3243 367 3324 attigerunt«,
393 3238 503 3306 deinde
527 3239 587 3308 hac
608 3240 678 3307 sola
692 3242 952 3327 interpretatione
968 3242 1112 3324 efficitur,
1137 3246 1172 3307 ut
1188 3240 1294 3327 aliquo
1310 3239 1402 3305 modo

161 3349 337 3432 fragmenti
371 3347 467 3414 verba
490 3369 560 3415 cum
590 3347 721 3416 Diodori
749 3351 822 3434 (14,
844 3350 876 3434 3)
911 3349 1026 3414 notitia
1060 3351 1240 3432 congruant.
1292 3347 1404 3432 Itaque

157 3455 352 3543 Demophilo
366 3461 491 3522 auctore
512 3455 707 3522 Philomelus
731 3457 770 3520 τὰ
793 3455 863 3542 ἱερὰ
885 3453 1032 3542 χρήματα
1055 3455 1207 3542 spoliasse
1231 3454 1401 3539 videtur⁴>.

236 3655 257 3724 ¹)
278 3657 469 3726 Volquardsen
492 3673 519 3726 p.
545 3657 561 3709 'l
585 3659 614 3710 in
634 3656 745 3711 Diodori
766 3657 906 3711 verborum
928 3657 1098 3710 conversione
1117 3673 1203 3710 unum
1221 3655 1272 3709 hoo
1292 3657 1404 3708 verbum

160 3747 330 3820 ,ουλήσεως“
357 3748 552 3815 praetermisit,
578 3746 649 3800 Paolr
671 3747 781 3800 Diodori
806 3746 885 3800 rerba
904 3747 1051 3799 rectissime
1070 3747 1099 3798 in
1120 3748 1274 3800 contextum
1293 3746 1402 3814 recepit,

155 3841 204 3896 sed
226 3838 364 3910 ουλήσεως
382 3838 455 3891 verbi
474 3839 578 3890 nullam
599 3836 696 3890 habuit
714 3837 854 3889 rationem.

233 3930 265 3982 In
286 3927 380 3982 eodem
400 3926 509 3980 Diodort
528 3929 587 3980 looo
608 3927 732 3990 affertur,
751 3927 945 3980 Callisthenem
964 3925 1103 3980 Hellenica
1122 3926 1225 3979 snaed
1244 3927 1339 3994 templi
1361 3942 1403 3979 οο-

156 4021 337 4090 cupationem
356 4021 385 4070 et
402 4017 593 4087 spoliationem
611 4017 768 4085 perduxisse
788 4043 822 4052 -
842 4035 904 4071 nem
927 4017 1003 4070 aliud
1027 4018 1044 4086 ἡ
1070 4017 1219 4086 παρανομία
1243 4032 1297 4070 non
1322 4017 1404 4084 signi·

155 4112 227 4166 ficet
248 4113 293 4166 cll.
315 4109 357 4174 61,
375 4127 385 4164 1
406 4135 449 4174 -,
470 4109 591 4176 Diyllum
610 4124 626 4161 a
645 4109 740 4177 templi
759 4109 921 4176 spoliatione
939 4109 1089 4177 profectum
1110 4123 1174 4161 esse.

232 4199 261 4266 2)
279 4197 443 4271 Ὀνόμαρχος
460 4199 502 4252 καλ
523 4197 641 4260 Φάυλλος
659 4199 701 4251 καὶ
722 4196 851 4260 Φάλαικος
869 4200 901 4252 οὐ
921 4197 1001 4263 μόνον
1020 4197 1120 4252 ἅπαντα
1139 4198 1171 4252 τὰ
1191 4200 1239 4250 τοῦ
1259 4197 1326 4250 θεοῦ
1347 4197 1406 4258 ἐξε-

155 4295 279 4358 κόμισαν,
299 4291 368 4344 ἀλλὰ
387 4291 418 4343 τὸ
437 4290 585 4343 τελευταῖον
604 4291 632 4342 αἱ
648 4293 767 4357 γυναῖκες
786 4288 872 4342 αὐτῶν
889 4289 943 4344 κτλ.
1324 4294 1327 4298 ’

235 4378 258 4447 ⁸)
280 4381 351 4435 Paclr
371 4398 397 4448 p.
420 4380 470 4433 196
485 4381 669 4443 „Philomelus
690 4379 755 4432 wird
773 4381 831 4433 also
851 4363 1042 4434 ausdriiolrlioh
1061 4393 1121 4432 vom
1134 4377 1327 4446 Tempelraubc
1340 4393 1401 4430 aus·

157 4488 330 4543 genommen‚
350 4471 547 4539 entspreohend
566 4485 588 4524 ο,
610 4469 677 4524 56Ἵ

235 4559 257 4626 ⁴)
276 4562 404 4628 Polyaen.
426 4562 458 4626 V,
477 4562 526 4615 46:
555 4566 609 4625 τοῖς
627 4563 709 4630 ἱεροῖς
722 4561 856 4632 χρήμασιν
875 4560 969 4629 ἀνέδην
987 4559 1185 4630 ἀποχρώμενος.

1153 4663 1191 4719 2*
