3314 5124
777 341 999 412 „30..

268 548 348 614 quae
375 525 467 593 hodie
495 531 664 614 usurpatur
692 528 818 594 criticae
846 529 909 592 arti
935 547 997 592 non
1024 528 1089 593 iam
1116 526 1328 608 satisfaciant,
1357 521 1398 592 ad
1424 526 1508 595 vitas
1576 570 1577 576 κ

268 633 352 715 illas,
377 655 455 721 quas
478 656 670 722 quamquam
685 636 718 700 in
733 633 995 701 Demosthenicae
1010 634 1160 700 historiae
1177 634 1314 701 fontibus
1330 636 1508 702 inferiorem

267 742 371 809 locum
394 747 504 809 tenent
526 748 633 809 tamen
657 743 822 826 neglegere
846 742 1016 824 nonlicet,
1041 742 1154 808 melius
1171 742 1384 809 aestimandas
1414 748 1508 829 atque

268 851 497 934 cognoscendas
525 856 678 938 quantum
706 854 739 917 in
767 872 817 916 me
842 856 891 918 est
915 851 1093 918 contulisse.
1141 849 1257 916 Omnes
1280 871 1360 936 quae
1385 851 1423 918 de
1446 851 1509 917 De

268 959 441 1025 mostheuis
475 960 569 1026 rebus
598 960 638 1025 ab
667 958 732 1026 illis
761 959 870 1025 allatis
898 958 999 1026 adhuc
1027 959 1206 1045 disputatae
1235 963 1309 1024 sunt
1336 961 1508 1026 sententias

268 1065 368 1132 denuo
391 1070 529 1133 tractare
553 1065 742 1152 superfluum
765 1071 824 1148 est,
849 1065 905 1132 sed
928 1068 1011 1132 vitas
1034 1065 1109 1132 illas
1132 1087 1244 1153 perse
1268 1087 1363 1152 quam
1384 1087 1510 1134 aceura

265 1175 387 1241 tissime
421 1176 573 1261 inspicere
608 1194 645 1239 ac
673 1175 862 1259 perscrutari
890 1194 971 1240 nunc
998 1173 1077 1238 mihi
1104 1175 1137 1238 in
1165 1175 1270 1239 animo
1297 1179 1355 1241 est.
1402 1173 1509 1261 Atque

266 1282 512 1368 disputationem
536 1282 584 1346 ita
606 1282 781 1362 instituam,
809 1285 846 1346 ut
868 1284 1003 1367 primum
1028 1301 1044 1346 θ
1068 1283 1292 1368 compositione
1316 1283 1453 1348 vitarum
1477 1287 1509 1348 et

266 1389 459 1474 singularum
495 1411 551 1476 per
584 1410 618 1456 se
651 1394 684 1456 et
711 1391 793 1456 inter
821 1411 853 1456 se
883 1394 1135 1476 comparatorum
1163 1411 1181 1456 e
1209 1390 1355 1476 qualibus
1383 1390 1509 1458 fluxsse

266 1498 431 1564 videantur
459 1498 597 1564 fontibus
626 1499 866 1584 perspiciamus,
904 1497 1014 1563 deinde
1045 1495 1286 1584 biographorum
1314 1497 1508 1586 aliorumque

266 1608 452 1692 scriptorum
476 1609 618 1673 vetemm
641 1607 831 1678 testimoniis
856 1610 889 1671 et
911 1627 928 1672 e
952 1608 1026 1672 vitis
1049 1606 1126 1692 ipsis
1150 1611 1182 1672 et
1206 1604 1331 1673 aliunde
1355 1609 1438 1674 netis
1462 1610 1509 1674 usi

265 1736 343 1802 quos
371 1717 569 1801 potissimum
598 1719 750 1781 auctores·
764 1716 902 1780 vitarum
926 1715 1095 1800 scriptores
1119 1717 1218 1780 secuti
1241 1735 1310 1781 esse
1334 1715 1508 1799 videantur,

265 1823 414 1907 indagare
438 1844 593 1890 conemur.

354 1930 402 1997 De
426 1933 651 2018 compositione
676 1929 871 2014 singularum
896 1933 1033 1996 vitarum
1049 1931 1211 2017 disputare
1228 1930 1416 2013 ingredienti
1430 1932 1508 1998 mihi

264 2042 366 2126 primo
401 2039 470 2105 loco
496 2039 543 2129 de
579 2041 646 2105 vita
673 2041 706 2104 in
735 2058 863 2124 corpore
893 2040 1027 2104 vitarum
1062 2038 1169 2105 decem
1198 2042 1356 2104 oratorum
1392 2038 1508 2126 falsc¹)

265 2147 428 2214 Plutarchi
455 2149 580 2213 nomine
603 2146 724 2212 tradita
747 2147 840 2229 agere
864 2147 942 2211 mihi
965 2149 997 2212 in
1021 2148 1126 2213 animo
1150 2151 1206 2213 est.
1256 2145 1342 2224 Quae
1366 2149 1508 2233 quaestio

265 2275 334 2321 cum
360 2254 400 2320 ab
424 2275 462 2319 ea
484 2274 565 2340 quae
589 2247 638 2319 'est
661 2252 699 2318 de
715 2251 1052 2320 Pseudo-Plutarcheis
1076 2254 1219 2320 omnibus
1237 2256 1311 2320 vitis
1326 2257 1509 2342 rationeque

264 2361 367 2450 qualis
391 2363 473 2428 inter
497 2382 550 2428 eas
567 2365 661 2447 atque
676 2359 783 2426 Photii
800 2362 882 2427 vitas
897 2361 1007 2428 decem
1023 2365 1182 2428 oratorum
1206 2362 1310 2449 (codd.
1330 2364 1508 2430 aco-268

263 2469 406 2554 Bekker)
435 2467 610 2535 intercedat
639 2468 772 2536 discerni
800 2490 862 2535 non
885 2470 999 2556 possit,
1030 2490 1068 2536 ea
1090 2491 1171 2556 quae
1196 2471 1310 2536 iterum
1334 2472 1508 2558 iterumque

264 2581 347 2645 vitas
381 2576 542 2663 utriusque
577 2578 712 2642 auctoris
747 2579 943 2662 comparanti
973 2577 1052 2642 mihi
1081 2576 1313 2644 verisimillima
1341 2581 1410 2644 visa
1437 2584 1510 2645 sunt

264 2685 415 2753 hocloco
439 2684 530 2750 edere
554 2683 631 2749 mihi
656 2704 893 2770 proposueram,
922 2705 992 2751 eum
1016 2705 1090 2751 casu
1114 2687 1229 2766 evenit,
1254 2690 1289 2750 ut
1312 2687 1345 2751 in
1367 2685 1509 2753 Ballhei-

264 2795 343 2860 meri
359 2793 610 2859 dissertationem
619 2794 645 2878 ²)
667 2813 783 2876 magna
799 2792 954 2859 industria
969 2793 1120 2879 scriptam
1136 2792 1315 2875 inciderem,
1340 2795 1387 2860 cui
1404 2795 1432 2860 si
1448 2815 1508 2860 non

263 2906 296 2968 in
321 2902 478 2984 omnibus,
509 2905 544 2966 at
566 2905 674 2966 tamen
698 2903 730 2966 in
754 2900 911 2988 plerisque
938 2902 1194 2987 gravissimisque
1222 2900 1315 2966 rebus
1344 2904 1506 2968 assentior.

264 3009 332 3090 Qua
367 3009 405 3075 de
440 3030 536 3076 eausa
569 3030 608 3075 ne
637 3013 710 3075 acta
738 3030 846 3092 agam,
882 3011 914 3074 in
936 3008 1159 3075 Demosthenis
1188 3009 1262 3074 ritis
1290 3008 1366 3094 quid
1388 3029 1446 3092 ege
1471 3009 1508 3074 de

263 3116 600 3184 Pseudo-Plutarcheis
622 3115 849 3204 Photianisque
874 3119 948 3184 vitis
972 3119 1004 3181 in
1028 3118 1206 3181 universum
1231 3118 1375 3199 cogitem,
1401 3115 1508 3203 expla-

263 3226 387 3292 navisse
411 3227 490 3290 satis
513 3224 645 3291 habebo.

352 3333 404 3399 Ab
433 3353 471 3398 ea
499 3335 657 3419 opinione,
693 3354 788 3419 quam
817 3331 1069 3418 111θθ1θτιῐιθθη3)
1105 3333 1254 3397 acerrime
1291 3331 1445 3414 defendit,
1475 3336 1506 3398 in

262 3442 367 3527 Bicgr.
397 3442 532 3528 praef.)
561 3442 710 3507 sustinuit
738 3461 894 3526 quamque
917 3439 1077 3506 Amoldus
1106 3439 1288 3525 Schaefer⁵)
1317 3443 1350 3504 et
1377 3439 1506 3527 Blassl)

263 3549 508 3636 adoptaverunt,
547 3547 714 3629 „Photium
750 3548 899 3634 pleraque
934 3567 950 3611 e
984 3544 1320 3612 Pseudo-Plutarcheis
1357 3549 1431 3614 vitis
1466 3547 1506 3614 ad

337 3732 357 3802 ¹)
377 3738 409 3790 A.
424 3735 555 3798 Schacfen
571 3732 765 3787 commentatio
780 3730 812 3784 de
826 3731 895 3783 libro
910 3731 956 3783 vit.
971 3728 1027 3783 dec.
1043 3733 1108 3783 crat.
1142 3730 1259 3783 Dresdae
1275 3729 1351 3785 1844.
1388 3733 1502 3785 Wester·

263 3842 343 3880 mann
363 3825 451 3894 Bicgr.
484 3824 561 3879 1845.
590 3823 662 3878 XVI.

335 3911 357 3982 ¹)
376 3917 415 3968 De
436 3917 525 3968 Photii
544 3915 634 3968 decern
655 3915 790 3965 oratorum
810 3911 881 3963 vitis.
907 3909 1065 3963 Dissertatio
1086 3909 1175 3976 inaug.
1200 3909 1286 3962 Bonn.
1318 3909 1397 3975 1877,
1417 3926 1498 3979 quarn

262 4008 325 4062 Alb.
346 4006 444 4060 Martin
463 4005 598 4060 recensuit
616 4005 643 4058 in
663 4003 752 4056 Revue
772 4001 894 4068 critique.
936 3999 1012 4053 1879.
1050 3999 1099 4053 No.
1119 3997 1164 4063 45,
1183 4015 1210 4065 p.
1230 3998 1383 4054 aaa-350.

335 4094 357 4164 ⁸)
377 4112 423 4166 qu.
444 4098 475 4149 D.
494 4112 522 4164 p.
542 4093 658 4148 72-75.

335 4185 347 4216 4

335 4186 358 4341 “l
377 4205 404 4330 l
417 4187 536 4343 1332ss
556 4275 631 4328 etin
651 4274 804 4328 recensione
824 4271 1020 4324 Westermanni
1039 4269 1252 4338 Bicgraphorum
1278 4270 1305 4322 in
1326 4269 1456 4325 Zeitschr.
1484 4271 1501 4326 f.

263 4366 510 4420 d.Alte1·thumsw.
549 4364 626 4419 1848.
664 4381 692 4432 p.
711 4361 863 4417 244-865.

336 4452 357 4521 ⁸)
377 4456 435 4509 Att.
461 4455 571 4510 Bereds.
607 4457 639 4508 ut
661 4455 729 4508 alios
752 4455 825 4507 loces
853 4452 990 4516 omittam,
1015 4451 1067 4515 111,
1095 4452 1121 4514 l,
1148 4467 1172 4517 p.
1198 4449 1228 4514 5,
1254 4452 1309 4504 not.
1335 4449 1366 4512 23
1396 4452 1448 4518 Ill,
1479 4453 1503 4517 2,

261 4562 289 4614 p.
309 4545 352 4611 73,
372 4549 428 4599 not.
450 4544 475 4598 2.
