3314 5124
692 402 887 466 ,5-

165 589 261 667 ταμίᾳ
285 584 464 670 διαφέρων,
491 583 684 666 κατελάβετο
706 583 765 665 μὲν
788 583 822 646 τὸ
846 583 881 646 ἐν
903 583 1044 666 Δελφοῖς
1071 581 1171 669 ἱερὸν,
1200 582 1345 658 ἐξέκαυσε
1374 585 1408 648 δὲ

167 693 222 756 τὸν
245 690 330 779 ἱερὸν
353 691 499 774 πόλεμον
518 692 573 755 dut
595 692 714 766 ταύτας
732 693 787 766 τὰς
803 693 915 766 αἰτίας.
956 689 1057 769 Quam
1073 692 1099 757 si
1114 693 1407 779 interpretationem

165 799 312 886 probavi,
342 799 374 865 id
397 820 520 886 quoque
544 799 695 866 facillime
718 799 929 882 intellegitur,
958 802 1011 886 qui
1035 801 1153 867 factum
1177 802 1234 882 sit,
1265 807 1300 867 ut
1326 805 1408 869 mira

166 909 305 995 quadam
329 907 462 975 levitate
486 929 523 975 ao
545 908 745 992 neglegentia
766 908 814 974 bis
830 908 941 974 eadem
958 929 974 973 e
991 908 1123 975 diversis
1140 909 1279 977 fontibus
1295 933 1315 976 a
1331 911 1407 977 Dio-

167 1017 243 1082 doro
271 1022 501 1104 exponerentur
528 1038 627 1104 neque
656 1038 694 1083 ea
722 1037 801 1103 quae
831 1037 868 1082 ex
897 1017 1000 1103 priore
1028 1018 1114 1083 fonte
1143 1020 1264 1083 narrari
1296 1023 1408 1106 coepta

167 1129 271 1207 erant,
302 1145 340 1190 ex
364 1125 465 1192 altero
490 1125 754 1192 continuarentur.
784 1123 935 1190 'Videtur
958 1126 1042 1191 enirn
1065 1124 1221 1192 Diodorus
1245 1147 1262 1192 e
1288 1126 1406 1194 duobus

167 1232 306 1299 fontibus
329 1233 486 1316 hausisse,
516 1255 648 1320 quorum
670 1239 802 1320 uterque
825 1254 949 1300 sacrum
972 1232 1091 1300 bellum
1115 1254 1196 1300 anno
1221 1236 1287 1300 354
1310 1239 1406 1302 armis

166 1343 233 1425 geri
261 1346 407 1429 coeptum
436 1363 504 1408 esse
531 1343 679 1426 tradidit,
703 1335 803 1429 'atque
833 1362 904 1408 cum
932 1342 1049 1428 priore,
1079 1363 1095 1408 e
1124 1363 1184 1429 quo
1209 1364 1320 1410 causas
1342 1345 1407 1430 pri-

166 1450 349 1536 mordiaque
366 1450 444 1516 belli
460 1450 685 1538 explicaverat,
702 1452 750 1516 ita
765 1449 863 1516 alium
880 1456 1098 1534 commutasse,
1117 1454 1153 1517 ut
1167 1451 1287 1519 bellum
1303 1454 1405 1540 ipsum

166 1580 204 1624 ex
228 1557 286 1625 hoc
310 1581 438 1625 narrare
463 1559 571 1642 vellet,
597 1559 652 1626 sed
676 1581 786 1646 parum
810 1558 980 1646 prudenter
1003 1579 1072 1625 cum
1093 1560 1186 1627 rebus
1202 1561 1235 1626 in
1251 1581 1276 1627 c.
1296 1564 1338 1627 30
1354 1583 1406 1627 ex-

166 1668 278 1753 positis
301 1668 472 1733 maximam
489 1671 614 1754 partem
630 1689 737 1734 earum
753 1689 832 1754 quas
849 1669 913 1733 iam
930 1688 947 1732 e
963 1668 1072 1754 priore·
1083 1652 1172 1736 fonte*
1184 1670 1407 1754 transtulerat,

166 1775 280 1840 iterum
297 1775 495 1841 exscriberet.
537 1774 604 1853 Qua
621 1775 653 1840 in
668 1795 702 1840 re
718 1795 838 1840 morem
854 1796 944 1841 suum
961 1775 1149 1859 observavit,
1168 1782 1204 1843 ut
1220 1777 1405 1856 archontum

166 1882 389 1969 consulumque
418 1883 593 1948 rationibus
622 1884 764 1970 aequatis
792 1904 842 1949 res
870 1883 902 1948 in
931 1883 1041 1950 alteris
1069 1905 1227 1963 annorum
1263 1888 1405 1972 partibus

165 1995 272 2074 gestas
289 1990 444 2077 prioribus
460 1991 613 2056 tribueret
624 1992 657 2078 ¹).
693 1990 762 2056 Hac
778 1991 988 2078 explicatione
1004 1991 1146 2074 efficitur,
1164 1992 1337 2059 Diodorum
1352 2017 1405 2062 ne·
1498 1977 1501 1990 “

165 2119 225 2186 que
242 2098 467 2196 areliquorum
483 2099 674 2166 testimoniis
691 2099 728 2165 de
745 2103 886 2186 tempore
903 2099 986 2186 quod
1001 2120 1123 2166 sacrum
1136 2099 1256 2167 bellurn
1269 2102 1404 2187 duravit,

166 2208 333 2274 abhorrere
356 2229 455 2294 neque
480 2209 541 2274 sibi
564 2209 625 2295 ipsi
649 2211 689 2294 (c.
715 2210 767 2291 59,
787 2211 816 2294 l)
833 2229 1022 2294 repugnare3
1047 2231 1119 2275 nam
1135 2231 1299 2276 numerum
1314 2211 1405 2279 illum

165 2316 272 2383 decem
298 2337 450 2382 annorum
472 2337 534 2382 non
562 2317 609 2381 ita
636 2315 884 2399 intellegendum
912 2336 996 2398 esse,
1025 2320 1060 2382 ut
1088 2338 1144 2403 per
1173 2317 1280 2384 decem
1308 2340 1405 2387 annos

165 2423 284 2490 bellum
308 2427 432 2508 gestum
455 2444 524 2490 esse
548 2425 755 2506 existimetur,
780 2424 813 2488 in
835 2423 1003 2510 propatulo
1024 2426 1087 2507 est3
1112 2425 1191 2490 nihil
1208 2425 1294 2492 aliud
1309 2429 1405 2511 signi-

166 2533 249 2615 ficat,
275 2553 369 2618 quam
393 2532 465 2598 inde
489 2553 509 2597 a
531 2532 644 2619 templi
668 2532 870 2619 occupatione
894 2531 935 2597 ad
959 2531 1052 2598 finem
1076 2532 1153 2599 belli
1175 2534 1282 2600 decem
1300 2536 1405 2622 'olym-

165 2642 294 2729 piadum
318 2662 416 2707 annos
440 2640 576 2723 fluxisse,
601 2642 642 2707 ol.
670 2643 745 2724 106,
763 2643 901 2723 2-108,
921 2647 947 2706 3.
994 2640 1151 2708 Diodorus
1175 2641 1238 2708 alio
1261 2643 1330 2709 loco
1355 2665 1405 2710 ac

166 2752 302 2816 curatius
319 2749 382 2816 alio
398 2751 501 2816 minus
517 2750 677 2816 subtiliter
692 2749 777 2815 idem
793 2769 863 2815 cum
879 2748 1009 2835 reliquis
1029 2749 1233 2836 scriptoribus
1255 2755 1402 2819 testatur.

256 2857 308 2924 Sic
332 2857 371 2924 de
395 2879 421 2924 o.
441 2861 483 2924 23
507 2859 598 2923 initio
622 2857 821 2924 iudicandum
844 2855 924 2921 mihi
946 2856 1080 2938 videtur,
1104 2858 1137 2923 in
1161 2879 1222 2943 quo
1245 2860 1281 2923 ut
1304 2858 1404 2926 denuo

165 2964 323 3048 haeream,
347 2964 436 3032 Pack
444 2967 470 3052 ²)
487 2966 573 3032 facit.
613 2963 760 3031 Auctoris
776 2966 859 3030 enim
876 2965 952 3047 eius,
974 2967 1022 3030 cui
1043 2966 1215 3031 maximam
1230 2965 1404 3033 Diodoreae

165 3074 244 3140 belli
266 3075 455 3140 narrationis
479 3079 603 3161 partem
628 3073 848 3140 vindicandam
872 3074 999 3156 statuit,
1027 3076 1063 3138 ut
1086 3094 1209 3139 summa
1232 3095 1307 3158 erga
1330 3075 1405 3142 deos

165 3184 284 3270 pietate
301 3187 396 3268 atque
412 3183 633 3269 superstitione
649 3181 773 3268 impleti
789 3179 937 3246 Phocaioi
953 3179 1030 3246 belli
1054 3185 1090 3246 ut
1113 3183 1194 3248 sacri
1218 3183 1404 3265 significatio

165 3293 293 3378 propria
315 3291 410 3356 luisse
435 3292 464 3356 ei
487 3291 556 3356 visa
580 3294 638 3372 est,
663 3310 743 3376 quae
768 3289 871 3375 opinio
896 3309 991 3374 quam
1015 3286 1098 3354 falsa
1121 3290 1172 3372 sit,
1197 3290 1269 3360 inde
1291 3290 1403 3373 elucet,

166 3399 248 3486 quod
271 3420 334 3465 non
357 3398 459 3464 solum
483 3400 515 3464 in
539 3399 651 3485 capitis
674 3397 775 3463 nostri
797 3397 887 3462 initio
910 3395 927 3461 ὁ
952 3394 1033 3483 ἱερὸς
1056 3397 1212 3480 πόλεμος,
1242 3399 1296 3462 τὸν
1320 3397 1405 3485 ἱερὸν

166 3487 311 3590 πτόλεμον
333 3507 490 3590 leguntur,
516 3506 627 3594 quibus
652 3527 677 3572 c.
697 3509 784 3586 24,5
807 3505 825 3570 ὁ
849 3503 930 3591 ὑπὲρ
956 3508 1009 3569 τοῦ
1033 3508 1114 3570 θεοῦ
1130 3505 1270 3588 πόλεμος
1287 3508 1408 3593 optime,

166 3618 320 3696 convenit,
345 3616 400 3682 sed
424 3617 520 3682 etiam
540 3619 693 3702 -atque
717 3614 776 3681 hoc
798 3615 1019 3708 gravissimum
1043 3617 1153 3679 est-
1176 3635 1201 3680 c.
1229 3616 1271 3680 59
1294 3617 1405 3700 exiguo

165 3725 268 3809 spatio
291 3723 471 3789 intermisso
495 3723 574 3788 duae
597 3722 673 3788 illae
698 3723 940 3806 significationes
961 3723 1050 3787 iuxta
1065 3723 1276 3804 inveniuntur,
1301 3725 1334 3788 in
1350 3727 1401 3808 §1

40 3859 47 3874 ·
164 3829 182 3897 ὁ
202 3831 343 3906 Φωκικός
366 3832 518 3914 πόλεμος,
540 3833 573 3896 in
596 3833 614 3917 ξ
639 3833 660 3895 4
682 3829 700 3895 ὁ
724 3829 806 3917 ἱερὸς
829 3830 979 3913 πόλεμος.
1020 3829 1129 3917 Neque
1151 3829 1326 3897 Pausanias
1352 3835 1403 3915 10,

165 3943 196 4022 3,
214 3943 249 4022 13
276 3942 306 4020 9,
329 3941 359 4020 6,
383 3938 472 4005 trel
488 3939 602 4005 Strabo
620 3961 649 4025 p.
668 3941 735 4004 420
752 3938 839 4004 aliud
854 3959 910 4004 nos
927 3937 1049 4019 docent,
1074 3959 1169 4025 quam
1185 3938 1269 4004 idem
1285 3938 1404 4004 bellurn

166 4051 197 4112 et
211 4045 381 4113 Phocicum
406 4051 439 4112 et
462 4068 585 4114 sacrum
609 4046 806 4134 appellatum
830 4067 913 4127 esse3
938 4047 1066 4110 minimo
1090 4045 1123 4111 id
1140 4045 1302 4112 enucleare
1318 4046 1402 4126 licet,

165 4154 285 4221 bellurn
309 4155 348 4220 ab
373 4155 444 4222 aliis
465 4155 655 4222 Phocaicum
679 4155 719 4220 ab
744 4154 817 4221 aliis
841 4173 963 4220 sacrum
987 4158 1201 4240 nuncupatum
1224 4174 1301 4220 esse.
1341 4153 1405 4220 Sed

241 4426 261 4496 ¹)
281 4429 468 4482 Bornemanuo
488 4431 598 4484 auctore
616 4430 635 4481 l.
656 4445 678 4482 e.
697 4446 723 4498 p.
744 4427 908 4482 bDiodorus
927 4426 1149 4483 consuetudinem
1162 4426 1266 4483 illane
1280 4426 1403 4485 chronico

166 4535 214 4574 suo
234 4515 365 4584 (Castore)
386 4519 537 4572 transtulit.

237 4605 260 4675 ¹)
278 4626 305 4678 p.
329 4605 389 4674 184,
407 4610 464 4661 not.
484 4607 509 4661 3.
