3314 5124
766 353 988 416 ..16-

255 553 326 600 esse
358 537 396 600 ut
428 531 555 600 credam
584 529 674 598 nullo
700 530 794 597 modo
821 530 934 598 adduci
967 552 1105 618 possum
1157 530 1243 596 Nam
1276 532 1498 620 interpretatio

255 641 423 724 eiusmodi,
458 639 651 708 Phalacrum
682 639 856 726 perieulum
888 640 1086 725 captivitatis
1121 640 1290 705 imminens
1317 645 1413 726 pacto
1442 639 1499 705 illo

256 750 387 834 fugisse,
416 751 469 814 vix
496 751 642 836 cuiquam
670 749 805 835 placeat.
852 748 941 815 Duas
967 750 1065 832 igitur
1090 747 1261 814 relationes
1284 747 1324 813 de
1346 747 1499 814 Phalaeci

255 861 342 924 exitu
364 859 459 925 fuisse
481 866 581 945 petet
620 857 743 924 Deinde
758 856 924 944 Philippus
947 859 980 922 in
994 877 1020 923 c.
1039 860 1127 938 64,ss
1150 877 1277 943 prorsus
1292 856 1389 922 aliter
1404 862 1499 944 atque

254 967 288 1032 in
310 986 337 1032 c.
355 969 399 1031 60
414 963 652 1053 Volquardseno
675 971 708 1032 et
729 964 849 1032 Packio
864 968 951 1032 visus
965 969 1025 1047 ost,
1048 969 1085 1030 ut
1099 964 1185 1030 ultor
1198 963 1361 1050 Apollinis
1376 987 1501 1031 summa

255 1073 406 1158 religione
428 1095 466 1142 ac
488 1077 609 1161 pietate
630 1075 770 1141 imbutus
790 1073 1003 1161 praedicatur:
1037 1073 1107 1136 dds*
1123 1077 1165 1159 τῷ
1178 1078 1318 1159 μαντείῳ
1332 1079 1502 1161 βοηθήσας

258 1184 425 1258 Φίλιππος
449 1183 519 1247 dno
548 1184 668 1247 τούτων
695 1187 757 1246 τῶν
783 1183 909 1268 χρόνων
934 1183 987 1245 ἀεὶ
1000 1181 1125 1263 μᾶλλον
1147 1181 1321 1262 τευξόμενος
1337 1183 1372 1244 τὸ
1390 1183 1499 1246 τελεο-

256 1304 346 1355 ταῒον
367 1291 422 1355 διὰ
445 1293 502 1375 τὴν
524 1294 569 1366 εἷς
591 1291 626 1355 ud
642 1297 736 1356 θεῖον
749 1291 913 1372 εὗσέβειαν
929 1293 971 1376 (o.
989 1291 1042 1371 38,
1059 1291 1092 1373 2)
1107 1289 1231 1373 ἡγεμὼν
1245 1288 1432 1374 ἀπεδείχθη
1450 1295 1502 1377 τῇς

254 1398 412 1472 ’Βλάδος
434 1399 551 1483 πάσης.
590 1397 679 1477 Quod
701 1401 790 1464 etin
813 1419 839 1464 c.
865 1401 955 1480 60,4
976 1403 1010 1463 et
1030 1399 1083 1478 65,
1098 1405 1119 1460 4
1133 1396 1244 1462 eadem
1260 1397 1325 1461 fere
1341 1400 1503 1495 sententia

254 1506 445 1592 explicatur,
480 1510 515 1573 in
542 1507 733 1574 Graecarum
766 1528 872 1573 rerum
906 1511 993 1572 statu
1020 1504 1124 1592 qualis
1151 1509 1220 1569 tum
1249 1510 1332 1586 erat,
1368 1508 1501 1571 minime

256 1612 396 1680 offendit.
448 1614 591 1702 Denique
619 1615 750 1682 Diodori
777 1617 875 1702 ipsius
911 1613 1008 1680 verba
1042 1615 1116 1699 (60,
1143 1613 1177 1696 5)
1213 1633 1252 1676 ex
1279 1611 1343 1677 alio
1371 1620 1502 1679 auctore

255 1742 325 1809 epp.
351 1724 512 1806 56-60,
535 1745 574 1789 ex
602 1723 667 1790 alio
695 1726 828 1789 61-64
856 1724 958 1809 petita
992 1742 1060 1787 esse
1092 1720 1203 1786 docere
1230 1719 1310 1784 mihi
1336 1719 1501 1805 videntur3

256 1831 359 1896 verbis
386 1833 471 1897 enim
497 1833 584 1896 ante
612 1835 686 1918 me
711 1833 773 1914 pe
799 1832 920 1896 wem»
946 1832 986 1894 το
1008 1811 1091 1894 κοτε
1113 1835 1206 1914 μέρος
1228 1830 1265 1892 εν
1289 1842 1352 1902 τος
1375 1833 1502 1905 oreon

255 1938 380 2022 χρ’νοις
399 1939 645 2024 ἀναγράψομεν,
668 1943 728 2004 νῦν
749 1939 835 2003 d’e’rrl
859 1940 893 2003 an*
917 1940 1044 2018 συνεχὲς
1067 1942 1119 2022 τῆς
1140 1937 1277 2022 ἱστορίας
1293 1938 1499 2022 τρεψόμεθα·

255 2046 335 2112 nihil
369 2046 457 2112 aliud
484 2046 641 2114 Diodorus
676 2050 874 2134 pronuntiat,
909 2069 1003 2134 quam
1030 2045 1185 2112 Phocaico
1220 2045 1306 2110 bello
1334 2045 1376 2110 ad
1405 2047 1500 2112 finem

255 2159 383 2220 narrato
410 2175 491 2220 nunc
519 2154 560 2219 ad
587 2154 669 2220 alias
695 2176 745 2221 res
771 2155 977 2222 illustrandas
1000 2175 1068 2220 sese
1091 2156 1297 2220 transiturum
1320 2175 1404 2236 esse3
1433 2154 1500 2220 illis

255 2264 340 2328 enim
368 2261 472 2328 verbis
499 2263 574 2349 περὶ
600 2264 659 2345 μὲν
682 2262 802 2327 τούτων
822 2265 880 2327 κτλ
901 2265 949 2328 iia
970 2264 1017 2328 uti
1040 2261 1137 2343 solet,
1165 2265 1201 2326 ut
1224 2302 1267 2309 —
1291 2261 1376 2348 quod
1398 2283 1438 2326 cx
1461 2263 1500 2326 iis

255 2371 332 2456 ipsis
355 2371 497 2456 sequitur
512 2409 555 2418 -
570 2375 628 2436 aut
650 2370 692 2436 ad
714 2391 753 2436 ea
775 2392 856 2457 quae
879 2371 1062 2438 brevissime
1085 2368 1178 2434 modo
1201 2369 1448 2435 adumbraverat
1467 2371 1500 2434 in

255 2477 362 2571 ordine
385 2499 490 2543 rerum
513 2480 687 2545 accuratius
710 2478 893 2565 exponenda
916 2479 955 2544 cf.
979 2476 1040 2543 XV
1064 2479 1123 2558 39,
1139 2485 1172 2559 33
1201 2475 1277 2541 XVI
1303 2480 1337 2558 l,
1354 2485 1387 2558 53
1413 2479 1450 2558 5,
1465 2485 1498 2558 4;

256 2588 310 2667 65,
326 2593 359 2668 9;
383 2584 477 2652 XVII
501 2589 532 2669 6,
549 2594 566 2650 3
588 2591 645 2652 aut
667 2587 710 2653 ad
724 2589 849 2652 omnino
865 2607 947 2652 nova
961 2583 1123 2650 afferenda
1137 2585 1305 2650 transitum
1321 2584 1381 2650 sihi
1397 2589 1497 2670 paret.

255 2693 362 2779 Atque
385 2693 417 2759 id
440 2696 470 2759 ei
492 2698 689 2780 propositum
712 2695 808 2760 fuisse
831 2693 965 2776 videtur,
989 2696 1026 2758 ut
1048 2693 1196 2778 quoniam
1220 2713 1237 2757 e
1260 2692 1347 2757 fonte
1370 2713 1427 2757 suo
1450 2713 1499 2758 sa

256 2820 344 2866 crum
366 2799 487 2865 bellum
509 2822 608 2887 usque
628 2801 670 2867 ad
685 2801 779 2867 linem
794 2801 950 2888 perduxit,
974 2799 1089 2866 Siculis
1104 2799 1198 2866 rebus
1212 2799 1377 2864 narrandis
1393 2820 1499 2865 curam

256 2906 461 2993 impenderet,
496 2908 552 2976 sed
579 2929 654 2976 casu
680 2908 818 2996 quodam
845 2930 897 2992 co,
927 2930 1021 2996 quem
1048 2906 1121 2973 inde
1149 2927 1218 2972 ec.
1244 2907 1287 2970 56
1315 2908 1497 2992 reliquerat,

257 3015 343 3080 fonte
371 3017 486 3081 iterum
515 3019 655 3104 inspecto
683 3038 753 3105 cpp.
783 3021 917 3083 61-64
945 3015 1127 3104 appendicis
1154 3013 1223 3079 loco
1252 3013 1384 3079 addidit.
1431 3014 1500 3080 Hac

257 3142 379 3209 quoquc
402 3129 492 3210 parte
520 3125 680 3207 absoluta,
709 3132 778 3192 tum
801 3125 927 3191 demum
955 3124 995 3190 ad
1018 3122 1141 3189 Siculos
1169 3142 1219 3187 res
1247 3121 1438 3187 enarrandas
1466 3142 1499 3187 se
1554 3187 1567 3196 ,

257 3232 364 3312 vertit,
380 3232 495 3296 iterum
510 3252 599 3298 sacro
615 3232 700 3298 bello
716 3231 822 3298 valere
839 3232 944 3298 dicens
959 3232 1010 3298 his
1027 3231 1146 3297 verbis:
1170 3229 1258 3316 ἡμεῖς
1272 3230 1308 3293 δὲ
1322 3228 1501 3316 ἀρκούντως

257 3335 486 3424 διαληλοθότες
502 3341 556 3403 τὸν
572 3339 657 3425 ἱερὸν
678 3336 821 3423 πόλεμον
843 3335 999 3423 ἐπάνιμεν
1020 3341 1076 3403 ἐπὶ
1092 3340 1148 3412 τὰς
1168 3339 1354 3424 ἑτερογενεῖς
1369 3335 1500 3424 πράξεις

257 3465 337 3531 quae
360 3443 448 3512 Pack
471 3445 789 3512 inconsideratissime
811 3448 936 3533 pressit.

347 3553 435 3620 Haec
458 3558 541 3637 sunt,
566 3573 648 3639 quae
670 3575 687 3620 c
705 3553 836 3619 Diodori
858 3555 956 3641 ipsius
979 3554 1083 3620 verbis
1106 3553 1144 3620 de
1165 3555 1344 3622 auctoribus
1360 3555 1394 3619 in
1408 3575 1500 3620 usum

257 3663 378 3728 vocatis
412 3681 563 3747 apparere
598 3660 676 3726 mihi
711 3660 865 3727 videntur.
918 3659 999 3726 Mira
1032 3661 1170 3747 quadam
1197 3662 1340 3729 socordia
1367 3660 1445 3728 duos
1468 3664 1501 3727 in

257 3767 398 3856 pluribus
426 3770 527 3856 iisque
555 3770 749 3853 gravissimis
777 3768 870 3834 rebus
898 3788 960 3835 non
991 3767 1106 3835 leviter
1141 3770 1362 3836 dissentientes
1396 3770 1501 3835 fontes

257 3877 304 3942 ita
327 3875 480 3959 adhibuit,
503 3881 540 3944 ut
559 3881 695 3965 quatuor
709 3879 898 3943 narrationis
914 3898 989 3942 suae
1005 3879 1143 3963 partium
1160 3876 1325 3964 (23-273
1350 3879 1500 3960 28-403

259 3986 407 4067 56—60;
426 3986 572 4071 61-64)
589 3986 724 4072 primam
741 3989 775 4051 et
789 3985 918 4050 tertiam
935 3984 1102 4070 deprime,
1119 3985 1287 4052 secundam
1304 3989 1337 4050 et
1353 3989 1502 4070 quartam

258 4092 296 4158 de
324 4092 426 4160 altero
455 4091 660 4179 depromeret.
709 4092 797 4172 Quod
825 4095 867 4176 is,
898 4093 951 4178 qui
978 4091 1067 4158 nullo
1095 4095 1197 4180 spatio
1224 4095 1412 4179 interposito
1437 4095 1502 4180 pri-

257 4200 380 4268 mordia
408 4199 486 4266 belli
510 4220 527 4266 e
556 4200 677 4268 duobus
703 4201 835 4293 diversis
864 4200 1003 4266 lontibus
1026 4199 1076 4265 bis
1099 4199 1245 4287 deinceps
1269 4221 1414 4266 enarrare
1438 4222 1502 4267 non

257 4309 376 4374 veritus
400 4311 459 4391 est,
483 4327 555 4373 cum
578 4306 650 4374 inde
674 4331 694 4374 a
717 4329 742 4376 c.
769 4310 811 4374 56
835 4307 932 4396 priori
955 4308 1076 4374 auctori
1098 4329 1132 4374 se
1156 4309 1349 4376 adiunxisset
1363 4311 1396 4374 in
1412 4329 1438 4376 c.
1458 4312 1502 4375 60

258 4413 300 4481 ad
323 4415 459 4481 alterurn
483 4416 587 4501 rediit,
611 4417 739 4483 minime
763 4414 903 4483 offendit.

348 4521 463 4590 Restat
489 4545 585 4610 nuno,
621 4528 658 4592 ut
684 4546 762 4613 quos
795 4527 938 4592 auctores
966 4522 1122 4592 Diodorus
1149 4526 1182 4591 in
1209 4546 1300 4592 usum
1327 4527 1501 4610 vocaverit,
