3314 5124
683 323 1047 436 ί-53-”

174 550 293 614 cvarii
317 549 440 633 generis
464 549 599 616 materia
622 549 781 632 confictas,
806 549 862 616 sed
886 571 923 615 ex
948 547 1020 616 aliis
1043 551 1118 617 vitis
1142 552 1169 618 si
1192 571 1254 618 non
1274 557 1361 620 totas
1380 557 1416 620 at

174 657 327 724 maximas
351 662 458 744 partes
485 659 676 744 compositas
704 677 773 724 esse
801 655 941 724 effecisse
970 679 1026 724 nos
1054 679 1175 725 moneo.
1224 657 1312 738 Quod
1341 681 1414 728 vero

174 785 293 848 omnes,
322 763 486 832 Plutarchi
510 770 606 852 atque
629 765 770 848 Libanii,
800 763 1007 833 PsPlutarchi
1032 771 1126 853 atque
1150 765 1271 850 Photii,
1298 767 1414 836 Zosimi

173 873 332 960 Anonymi
349 874 464 940 Suidae
488 875 572 940 vitas
594 879 661 940 tam
686 873 818 941 diversis
842 875 1037 961 temporibus
1061 875 1252 962 compositas
1273 899 1336 942 una
1351 877 1414 944 dis-

173 984 336 1068 putatione
364 981 570 1070 complector,
606 981 763 1048 offendere
791 983 901 1070 nequit
928 1003 998 1050 cum
1030 1003 1067 1050 ex
1103 983 1214 1050 iisdem
1249 983 1414 1052 litterariis

173 1091 283 1157 studiis
312 1091 402 1178 quasi
430 1112 447 1157 e
476 1092 632 1158 communi
661 1111 736 1176 agro
765 1093 923 1178 pmfectas
951 1113 1005 1158 eas
1034 1114 1102 1158 esse
1131 1095 1327 1179 perspicuum
1359 1094 1411 1175 sit,

173 1221 264 1286 quem
288 1220 371 1266 nuno
394 1200 570 1266 accuratius
592 1199 746 1286 inspicere
769 1221 895 1268 necesse
919 1205 977 1268 est.

260 1307 343 1374 Vitis
372 1305 527 1374 clarorum
552 1309 689 1374 viromm
714 1330 734 1374 a
755 1307 977 1395 Peripateticis
1001 1310 1110 1396 primis
1134 1330 1282 1393 magnam
1305 1331 1411 1376 curam

171 1418 345 1503 impensam
361 1435 430 1483 esse
446 1421 555 1482 notum
571 1420 630 1498 est,
656 1418 742 1484 cuius
760 1419 960 1504 apertissima
983 1419 1118 1502 vestigia
1141 1419 1173 1483 in
1197 1419 1313 1484 nostris
1336 1438 1412 1504 quo-

70 1597 73 1602 ,
170 1545 228 1612 que
252 1526 328 1590 vitis
352 1525 445 1591 facile
469 1529 633 1612 apparent.
682 1524 768 1604 Quae
796 1525 915 1606 studia,
945 1525 986 1591 ad
1013 1545 1117 1592 mores
1145 1526 1246 1609 magis
1274 1527 1412 1591 virorum

170 1631 374 1699 illustrandos
403 1635 593 1720 spectantia,
628 1633 668 1700 ab
696 1633 920 1700 Alexandrinis
949 1632 1212 1719 Pergamenisque
1242 1632 1412 1720 philologis

170 1740 268 1827 iisqne
292 1743 346 1828 qui
369 1763 386 1808 e
411 1741 585 1829 disciplinis
610 1762 715 1809 eorum
745 1741 941 1829 prodierunt,
971 1747 1065 1809 aucta
1093 1747 1188 1828 atque
1216 1741 1413 1828 amplificata

169 1853 241 1916 sunt
268 1855 301 1916 et
327 1850 375 1915 ita
403 1849 568 1936 biographi
597 1872 665 1917 sese
695 1855 897 1937 exceperunt,
934 1855 970 1916 ut
997 1871 1017 1915 a
1045 1850 1256 1937 superioribus
1291 1849 1411 1916 tradita

169 1957 284 2043 partim
301 1957 473 2023 retinerent
489 1958 605 2044 partim
621 1961 782 2024 mutarent
798 1959 915 2044 partim
931 1959 1020 2024 novis
1032 1962 1192 2041 augerent.
1230 1958 1281 2022 lta
1292 1959 1410 2024 factum

169 2069 230 2146 est,
260 2070 297 2130 ut
325 2047 409 2152 apud
437 2067 605 2152 scriptores
633 2065 736 2149 longis
764 2069 941 2151 temporum
970 2063 1091 2151 spatiis·
1108 2070 1245 2131 remotos
1269 2066 1411 2152 primarii

168 2173 269 2238 sontes
285 2193 366 2238 nuno
382 2193 503 2260 quoque
528 2172 612 2239 clare
636 2170 790 2255 eluceant,
815 2193 892 2260 quos
916 2174 1001 2259 ipsos
1025 2175 1057 2238 in
1080 2193 1171 2239 usum
1196 2177 1324 2240 vocatos
1341 2195 1409 2240 csse

168 2279 254 2346 nullo
279 2280 372 2346 modo
396 2281 597 2346 statuendum
621 2285 684 2363 est3
709 2302 805 2368 quam
828 2283 1044 2367 quaestionem
1069 2281 1107 2346 de
1123 2281 1274 2364 Diogenis
1290 2281 1411 2348 Laertii

168 2389 305 2455 lontibus
330 2387 497 2454 Nietzsche
508 2390 532 2474 ¹)
557 2375 752 2470 doctissime,
783 2409 974 2475 quamquam
997 2408 1059 2454 non
1084 2389 1162 2454 satis
1187 2387 1335 2470 feliciter,
1363 2390 1410 2454 in-

168 2497 281 2562 stituit.

256 2603 367 2692 Neque
397 2602 491 2671 aliter
520 2605 557 2671 de
585 2591 808 2671 Demosthenis
837 2603 912 2669 vitis
939 2602 1139 2670 iudicandum
1168 2604 1245 2669 mihi
1274 2604 1408 2687 videtur,

168 2735 246 2800 quae
271 2696 524 2800 e'biographicis
546 2713 612 2780 illis
636 2714 749 2780 studiis
773 2714 932 2800 profectae
955 2713 1051 2778 variis
1075 2715 1282 2799 posteriorum
1311 2714 1409 2799 scrip-

167 2825 284 2903 tomm,
314 2822 409 2888 iniis
432 2821 608 2904 rhetorum,
638 2820 864 2887 additamentis
888 2825 999 2888 auctae
1023 2842 1095 2886 eam
1123 2842 1218 2907 quam
1246 2841 1328 2886 nunc
1356 2841 1409 2886 ex-

167 2927 277 2995 hibent
292 2931 428 2995 formam
443 2930 620 2996 induemnt.
656 2929 772 2996 Restat
787 2931 892 3014 igitur,
909 2934 954 3010 ut,
972 2928 1074 3016 quoad
1091 2929 1157 2994 fiori
1175 2929 1284 3015 possit,
1301 2949 1407 2994 eorum

166 3038 218 3123 qui
242 3043 275 3104 et
298 3057 336 3102 ex
360 3039 435 3104 vitis
458 3039 536 3125 ipsis
560 3043 592 3104 et
615 3037 741 3104 aliunde
758 3040 826 3105 noti
843 3040 977 3104 vitarum
994 3036 1199 3123 scriptoribus
1215 3035 1406 3102 uberrimam

165 3146 331 3210 materiam
355 3144 635 3232 suppeditavemnt
659 3148 794 3230 vestigia
819 3145 1021 3230 indagentur,
1051 3167 1114 3232 qua
1141 3145 1174 3209 in
1203 3165 1238 3210 re
1266 3165 1305 3209 ne
1335 3164 1408 3209 con·

165 3254 292 3318 iecturis
321 3253 410 3318 firmo
440 3253 643 3320 fundamento
679 3254 857 3320 carentibus
892 3253 980 3319 locus
1015 3253 1106 3319 detur
1141 3273 1236 3338 quam
1271 3253 1407 3318 maxime

165 3359 338 3426 cavendum
355 3365 413 3427 est.
454 3360 560 3448 Atque
577 3364 673 3427 trium
689 3364 886 3450 scriptorum,
912 3363 964 3449 qui
980 3366 1017 3427 ut
1038 3361 1280 3448 locupletissimi
1304 3360 1407 3426 fontes

166 3469 346 3534 avitarum
370 3469 575 3556 scriptoribus
598 3471 753 3557 imprimis
777 3469 911 3536 adeundi
935 3473 1026 3535 erant
1045 3470 1077 3535 in
1094 3469 1168 3535 vitis
1183 3467 1407 3534 Demosthenis

165 3577 300 3660 vestigia
328 3577 542 3662 inveniuntur,
572 3599 652 3664 quae
681 3599 762 3645 nunc
790 3599 885 3665 quam
914 3577 1096 3644 cautissime
1125 3575 1304 3641 examinare
1328 3575 1407 3640 mihi

165 3685 361 3771 propositum
386 3689 443 3750 est.

254 3791 280 3856 ll
305 3791 437 3878 Satyri
460 3792 542 3858 libro
566 3798 629 3874 βίον
654 3797 714 3856 τῶν
737 3793 876 3868 ἐνδόξων
903 3793 1029 3878 ἀνδρῶν
1053 3789 1202 3877 (Mueller
1230 3793 1266 3858 fr.
1297 3792 1327 3857 h.
1358 3815 1404 3876 gr.

165 3900 222 3983 ΙΙΙ,
248 3921 278 3986 p.
299 3901 491 3985 lta-166)
516 3900 666 3985 inscripto
691 3898 729 3965 dc
745 3891 959 3966 Demosthene
982 3898 1064 3965 hanc
1087 3899 1177 3965 nobis
1193 3902 1334 3966 servavit
1348 3899 1406 3966 Ps-

163 4006 353 4074 Plutarchus
376 4009 523 4073 notitiam
548 4010 639 4093 (287,
665 4010 707 4074 68
725 4008 804 4093 sq.):
833 4008 975 4093 Σάτυρος
995 4007 1028 4086 Ιδ’
1048 4007 1282 4093 ὁσνγγραννεὺς
1297 4009 1405 4092 (φησὶ)

165 4118 219 4181 τὸν
253 4117 400 4198 κάλαμον
434 4117 679 4201 πεφαρμάχθαι
713 4114 738 4201 ᾧ
772 4115 913 4201 γράφειν
940 4114 1056 4200 ἤρξατο
1084 4115 1141 4199 τὴν
1168 4115 1338 4199 ἐπιστολὴν
1367 4113 1405 4178 οὗ

163 4225 360 4306 γευσάμενον
387 4222 594 4299 ἀποθανεῖν,
628 4243 692 4310 qua
719 4227 904 4310 comparata
930 4220 1081 4305 Boesiger
1107 4221 1270 4287 Plutarchi
1305 4242 1330 4287 c.
1362 4225 1404 4286 ⁶29

164 4332 377 4400 narrationem
405 4331 445 4398 ad
475 4331 625 4418 Satyrum
653 4329 900 4420 Peripateticum
928 4329 1030 4396 redire
1058 4329 1158 4395 videri
1185 4350 1256 4395 cum
1289 4349 1405 4412 magna

165 4488 184 4498 ..-.
190 4493 228 4498 ,,...
236 4487 377 4498 -..ἠ-...ιι-

238 4566 258 4639 ¹)
278 4571 309 4624 In
329 4587 398 4625 mus.
417 4569 538 4624 Rhenan.
568 4571 621 4626 vol.
641 4571 741 4636 xxm,
761 4585 788 4645 p.
809 4568 966 4644 632-6535
986 4567 1083 4634 XXIV,
1103 4583 1129 4639 p.
1152 4565 1302 4625 181-228.
