3314 5124
776 369 975 434 ,4-

256 549 541 638 Amphictyonibus
569 551 755 633 gravissime
783 548 929 616 multatis
956 550 989 615 in
1018 570 1086 636 cap.
1120 551 1178 633 23,
1200 555 1295 628 2-3;
1332 552 1391 632 29,
1413 555 1497 614 2-4

256 658 428 725 Diodorum
452 658 591 726 diversos
614 659 703 746 sequi
726 662 879 740 auctores,
904 657 1091 742 singillatim
1108 657 1322 724 demonstrare
1338 679 1401 724 non
1416 678 1496 744 opus

255 771 313 850 cst,
338 767 393 832 sed
416 788 497 834 nunc
521 787 546 833 6.
565 769 696 832 23-27
722 787 778 852 per
800 787 833 832 se
857 765 1040 849 diligentius
1064 766 1273 854 perquirenda
1290 787 1326 833 ac
1341 767 1496 852 pervesti-

255 875 359 958 ganda
382 879 465 942 sunt.

344 983 450 1071 Atque
474 985 577 1070 prima
600 982 697 1050 verba
723 1004 818 1069 quam
846 984 982 1048 maxime
1007 982 1170 1048 offendunt
1193 1003 1218 1049 6.
1245 983 1298 1066 23,
1318 991 1347 1046 l:
1377 983 1432 1046 ἐπὶ
1459 983 1495 1046 δὲ
1575 979 1581 991 ’

255 1092 374 1172 τούτων
398 1091 453 1178 (ol.
481 1094 556 1174 106,
570 1093 601 1177 2)
623 1089 640 1155 ὃ
662 1091 792 1176 κληθεὶς
806 1089 888 1177 ἱερὸς
903 1086 1042 1174 πόλεμος
1057 1095 1187 1177 συνέστη
1203 1092 1256 1155 καὶ
1271 1092 1425 1174 διέμεινεν
1441 1089 1494 1176 ἔτη

253 1199 362 1275 ἐννέα,
390 1219 470 1286 quae
499 1201 558 1266 viri
586 1199 671 1266 docti
698 1199 785 1266 vario
813 1198 904 1264 modo
929 1199 1085 1285 explicare
1110 1199 1304 1265 studuenmt.
1353 1195 1495 1266 offendit

253 1328 316 1374 non
338 1307 547 1391 mediocriter,
573 1308 655 1395 quod
670 1306 839 1374 Phocicum
862 1307 993 1390 bellum,
1018 1308 1100 1395 quod
1124 1308 1292 1375 decennale
1311 1309 1406 1374 fixisse
1423 1329 1493 1374 cum

254 1438 270 1483 6
299 1417 428 1504 reliquis
456 1425 598 1484 veterum
625 1418 816 1483 testimoniis
844 1420 913 1483 tum
941 1437 958 1482 6
982 1416 1112 1484 Diodori
1139 1419 1237 1504 ipsius
1264 1417 1368 1484 verbis
1397 1437 1423 1483 6.
1450 1420 1491 1483 59

254 1526 324 1608 (ἐπὶ
346 1525 381 1589 δὲ
405 1525 524 1590 τούτων
547 1524 603 1613 (ol.
630 1527 705 1607 108,
722 1526 754 1610 3)
777 1523 794 1592 d
814 1525 954 1599 Φωκικὸς
977 1525 1129 1608 πόλεμος,
1151 1526 1315 1609 διαμείνας
1338 1525 1389 1611 ἔτη
1405 1526 1493 1603 δέκα,

253 1633 416 1718 κατελύθη
440 1633 531 1696 τόνδε
555 1633 609 1697 τὸν
633 1633 770 1720 τρόπον)
794 1633 873 1699 satis
897 1631 1011 1718 liquet,
1035 1654 1149 1699 novem
1173 1654 1270 1700 annos
1295 1633 1422 1701 durasse
1446 1633 1493 1699 di-

253 1745 337 1806 serte
353 1741 538 1824 affirmatur,
563 1762 658 1827 quam
674 1740 895 1807 difficultatem
911 1740 950 1806 A.
968 1740 1117 1808 Schaefer
1127 1743 1151 1828 1)
1168 1743 1215 1808 116
1230 1741 1343 1807 1611616
1361 1745 1492 1809 conatus

254 1853 312 1930 est,
337 1852 373 1913 ut
395 1847 506 1934 plenos
529 1853 654 1914 tantum
678 1869 775 1915 annos
799 1848 972 1915 aDiodoro
996 1849 1048 1916 vel
1071 1851 1137 1916 eius
1160 1853 1286 1917 auctore
1310 1854 1491 1918 numeratos

254 1977 322 2022 esse
346 1960 508 2022 statueret.
549 1955 634 2034 Quae
659 1956 827 2044 explicatio
851 1957 995 2024 omnibus
1018 1958 1148 2044 placuit,
1174 1962 1300 2044 praeter
1320 1957 1492 2041 Haahium,

253 2068 306 2152 qui
314 2067 341 2150 ²)
366 2065 536 2132 coniciendi
560 2065 671 2132 ardore
694 2086 731 2130 eo
755 2065 865 2132 ductus
890 2070 948 2148 est,
973 2069 1009 2131 ut
1023 2064 1205 2148 Diodorum,
1230 2065 1494 2149 cumol.105,4

253 2177 286 2238 et
315 2175 423 2255 106,1
457 2195 559 2240 annos.
583 2173 697 2240 Siculis
726 2174 824 2240 rebus
860 2175 1031 2261 explesset,
1068 2196 1192 2242 sacrum
1225 2175 1345 2242 bellum
1379 2196 1493 2243 novem

252 2301 403 2350 annorum
427 2283 522 2348 fuisse
546 2281 602 2348 illo
626 2281 694 2349 loco
719 2286 886 2349 mentitum
910 2303 977 2349 esse
1000 2283 1060 2349 sibi
1076 2283 1288 2370 persuaderet,
1313 2305 1409 2372 quam
1426 2285 1493 2370 opi-

251 2390 377 2455 nionem
406 2392 581 2457 accuratius
609 2391 753 2457 refellere
782 2391 977 2478 supersedeo.
1025 2390 1073 2457 Ne
1103 2412 1160 2474 ego
1187 2413 1310 2478 quoque
1333 2391 1493 2458 Schaeferi

252 2498 456 2585 explicationi
478 2502 623 2586 quamvis
646 2500 803 2586 probabili
827 2502 991 2582 assentiar,
1016 2500 1087 2586 ipsa
1101 2499 1231 2566 Diodori
1250 2500 1347 2567 verba
1362 2501 1491 2582 faciunt,

252 2627 331 2692 quae
355 2608 622 2694 simplicissimam
645 2609 937 2694 interpretationem
960 2608 1173 2700 suppeditant.
1222 2606 1334 2674 Verbis
1367 2605 1492 2676 enimi

250 2713 332 2801 ἱερὸς
355 2716 496 2798 πόλεμος
519 2720 648 2801 συνέστη
671 2716 724 2779 καὶ
746 2717 900 2800 διέμεινεν
924 2715 975 2801 ἔτη
999 2717 1092 2780 ἐννέα
1116 2715 1198 2781 nihil
1226 2715 1312 2782 aliud
1335 2716 1492 2785 Diodorus

251 2822 426 2906 significare
450 2823 528 2889 mihi
551 2824 690 2908 videtur,
715 2845 810 2910 quam
833 2845 915 2890 anno
940 2824 981 2890 ol.
1008 2827 1118 2907 106,2
1141 2845 1263 2892 sacrum
1285 2826 1404 2892 bellum
1421 2847 1492 2893 con-

250 2929 372 3013 flatum,
396 2935 500 3018 ipsum
524 2937 630 2998 autem
653 2953 709 3019 per
732 2952 845 2999 nouem
869 2952 966 2998 annos
990 2933 1086 2998 armis
1108 2936 1231 3016 gestum
1248 2953 1326 3000 esse.
1366 2933 1492 3000 Bellum

250 3059 372 3105 sacrum
401 3061 469 3107 esse
497 3061 559 3106 non
587 3044 727 3127 poterat,
763 3043 823 3106 nisi
851 3040 891 3106 ab
919 3040 1206 3127 Amphictyonibus
1235 3042 1388 3108 indictum
1411 3045 1490 3124 crat,

250 3147 374 3232 quade
397 3169 430 3214 re
454 3151 486 3215 in
511 3149 571 3214 fine
595 3169 621 3215 6.
647 3148 818 3230 27161116
842 3170 937 3234 supra
960 3149 1067 3214 citatis
1090 3149 1263 3235 exponitur.
1306 3147 1387 3226 Quid
1408 3152 1492 3215 enirn

250 3253 337 3320 aliud
360 3256 457 3322 verba
480 3257 557 3323 haec
581 3257 642 3323 sibi
665 3256 776 3338 velint,
801 3257 862 3323 nisi
888 3255 1005 3322 bellum
1022 3257 1062 3322 ab
1078 3255 1366 3343 Amphictyonibus
1383 3263 1493 3324 contra

249 3363 418 3446 sacrilegos
447 3364 620 3447 decretum,
650 3387 712 3432 non
740 3364 876 3450 vide0³).
924 3364 1031 3451 Atque
1059 3367 1107 3431 ita
1129 3364 1260 3431 Diodori
1288 3370 1396 3432 auctor
1424 3389 1491 3432 rem

249 3472 429 3555 exposuisse
453 3471 586 3555 videtur,
613 3476 649 3538 ut
672 3493 752 3538 anno
778 3473 841 3538 355
867 3472 980 3558 templi
1003 3474 1240 3558 occupationem
1264 3478 1369 3540 61166
1394 3496 1490 3562 usque

249 3577 289 3642 ad
304 3576 574 3665 Amphictyonum
598 3580 763 3646 concilium
787 3584 893 3663 gestas
917 3579 1017 3661 daret,
1042 3579 1162 3646 bellum
1186 3585 1292 3646 autem
1315 3584 1419 3668 ipsum
1434 3603 1491 3669 per

247 3702 359 3751 novem
376 3686 600 3773 subsequentes
618 3709 714 3754 annos
731 3692 901 3774 exponeret
917 3690 1029 3774 (usque
1046 3687 1087 3753 ad
1103 3687 1143 3754 ol.
1164 3691 1239 3771 108,
1254 3691 1296 3775 3).
1333 3688 1489 3757 Diodorus

247 3792 326 3858 nihil
351 3793 388 3859 de
412 3794 497 3861 bello
521 3816 611 3862 sacro
634 3798 703 3884 ipso
727 3796 784 3862 sub
809 3817 837 3860 a.
856 3795 921 3861 355
945 3799 1109 3861 narratum
1129 3797 1162 3860 in
1183 3799 1270 3862 tonte
1287 3817 1342 3862 suo
1359 3798 1489 3881 invenit,

247 3899 280 3965 id
304 3901 387 3986 quod
410 3903 477 3988 ipse
500 3903 747 3970 luculentissime
765 3908 901 3971 testatur
917 3906 986 3991 (27,
1004 3905 1051 3989 ax)
1070 3907 1173 3968 ταῦτα
1188 3904 1247 3987 μὲν
1263 3902 1321 3969 οὖν
1336 3906 1491 3992 ἐπράχθη

247 4009 328 4072 κατὰ
354 4013 466 4075 τοῦτον
489 4013 545 4076 τὸν
567 4012 727 4088 ἐνιαυτὸν,
751 4011 863 4097 quibus
887 4032 925 4077 ea
949 4032 1029 4096 quae
1052 4013 1085 4076 in
1108 4011 1199 4077 initio
1223 4031 1249 4077 c.
1277 4014 1317 4078 23
1343 4012 1491 4096 leguntur

247 4116 365 4201 optimc
380 4117 584 4204 respondent:
612 4118 793 4204 Φιλόμηλος
808 4120 869 4205 γὰρ
886 4116 903 4183 ὃ
923 4119 1061 4194 Φωκεὺς,
1077 4117 1157 4205 ἀνὴρ
1174 4119 1292 4204 δράσει
1309 4121 1362 4185 καὶ
1377 4145 1489 4209 παρα-
