3314 5124
699 375 920 438 „41-

188 560 317 623 auctore
345 555 461 621 Philon
489 555 670 622 thesaurum
698 553 856 641 quendam
883 555 916 619 in
943 553 1063 640 templo
1092 553 1248 620 defossum
1276 551 1429 618 indicasse

187 666 381 748 narratum).
434 663 505 730 Non
532 662 634 729 solum
663 662 800 729 Homero
830 663 869 728 ad
897 661 1095 728 simillimum
1122 683 1213 727 usum
1248 661 1297 726 bis
1332 661 1430 726 citato

188 773 231 838 ad
255 794 350 838 unum
374 769 568 858 eundemque
595 769 712 836 fabulis
739 790 801 835 non
829 791 939 856 parum
968 770 1161 854 faventem2)
1191 773 1349 834 auctorem
1376 789 1431 834 ne.

188 881 325 946 cessario
354 880 511 961 ducimur,
540 879 720 946 sedetiam
748 877 883 944 colorem
912 877 1163 944 narratiunculae
1193 899 1212 942 a
1237 896 1262 943 c.
1290 879 1428 964 23-27

188 989 319 1054 minime
343 987 481 1056 alienum
504 1008 573 1054 esse
596 989 630 1052 in
653 985 821 1074 propatulo
845 989 902 1052 cst.
943 983 1064 1052 Eadem
1087 985 1268 1070 superstitio
1292 985 1324 1050 in
1345 988 1431 1050 utro-

190 1117 251 1182 que
274 1095 344 1162 loco
367 1097 530 1182 perspicue
554 1099 696 1182 apparet.

281 1204 328 1270 nt
356 1204 480 1270 obstare
509 1203 598 1270 nobis
628 1203 772 1270 videntur
800 1203 987 1284 gravissima
1015 1205 1214 1283 argumenta,
1249 1221 1328 1287 quae
1356 1198 1432 1268 Vol·

191 1311 347 1398 quardsen
375 1313 494 1399 primus
522 1313 555 1377 in
583 1311 720 1377 medium
748 1310 850 1392 duxit,
880 1307 967 1376 Pack
995 1309 1084 1375 novis
1108 1310 1210 1391 auxit,
1238 1308 1352 1394 reliqui
1376 1307 1431 1374 ad-

192 1425 390 1506 optaverunt.
441 1418 540 1498 Quam
569 1419 609 1485 ad
637 1440 702 1485 rem
732 1417 963 1486 diiudicandum
991 1437 1027 1483 eo
1055 1415 1135 1493 unde
1164 1416 1297 1503 profecti
1325 1437 1431 1482 sumus

190 1526 383 1594 redeundum
414 1531 472 1594 cst.
526 1525 733 1594 Consentiunt
767 1526 850 1591 enim
878 1523 1096 1611 Volquardsen
1131 1529 1164 1590 et
1190 1522 1292 1606 Paclr,
1329 1523 1432 1590 colore

191 1637 343 1702 orationis
371 1656 497 1722 prorsus
526 1635 665 1702 diversos
693 1635 795 1699 sonus
823 1654 843 1697 a
865 1632 1004 1699 Diodoro
1028 1617 1209 1718 exscriptos⁴
1225 1651 1307 1713 esse,
1337 1635 1431 1716 atque

191 1742 444 1830 Volquardsen³)
468 1743 592 1824 statuit,
618 1762 687 1828 cpp.
706 1744 849 1821 28-40,
876 1742 1008 1806 56-64
1030 1747 1188 1806 auctorem
1205 1760 1320 1822 magna
1335 1739 1431 1803 διίσι-

191 1853 342 1935 δαιμονίᾳ
365 1850 533 1937 impletum
556 1851 794 1916 infestissimum
809 1848 1024 1916 Phocensibus
1046 1850 1184 1916 animum
1201 1849 1346 1934 spirasse,
1371 1867 1431 1932 quo

191 1959 301 2026 ecdem
326 1963 509 2042 argumento
533 1979 607 2024 usus
622 1955 710 2024 Paclr
734 1943 839 2042 cupita
860 1956 985 2039 singula
999 1956 1186 2042 perquisivit
1202 1961 1296 2041 atque
1314 1956 1433 2020 auctori

191 2067 242 2133 illi
265 2066 501 2149 religiosissimo
525 2087 594 2153 cpp.
621 2068 764 2148 28-30,
790 2069 941 2147 31,1-e‚
969 2068 1023 2148 32,
1052 2067 1105 2146 33,
1130 2067 1274 2146 38-40,
1300 2066 1433 2134 56—64
1501 2109 1507 2120 .

192 2174 361 2241 tribuenda
385 2195 452 2240 esse
476 2194 532 2260 pro
556 2179 640 2240 certo
664 2174 784 2240 hahuit.

284 2281 362 2348 Oum
386 2285 496 2348 neuter
518 2283 551 2348 in
574 2281 633 2348 hac
657 2280 778 2348 difficili
800 2302 834 2346 re
858 2282 937 2348 satis
960 2285 1050 2346 caute
1067 2282 1167 2363 egisse
1183 2280 1262 2346 mihi
1280 2281 1432 2360 videatur,

192 2390 318 2474 singula
341 2390 448 2476 capita
472 2389 571 2456 denuo
595 2409 773 2476 percurrere
796 2409 922 2455 necesse
946 2392 1004 2454 est.
1049 2387 1156 2475 Atque
1180 2390 1212 2454 in
1236 2389 1338 2474 prima
1358 2387 1434 2453 Dic-

193 2499 289 2565 dcrea
312 2496 469 2584 particula
493 2499 657 2583 (λδ-27)
682 2497 806 2578 indicis,
832 2517 848 2562 e
872 2497 985 2582 quibus
1008 2498 1071 2562 utri
1091 2497 1176 2582 parti
1192 2500 1301 2561 auctor
1316 2495 1432 2576 faveat,

194 2607 300 2690 colligi
335 2606 450 2692 possit,
486 2625 644 2691 perpauca
678 2609 760 2670 sunt.
812 2603 864 2670 Ab
892 2603 994 2670 altera
1022 2605 1104 2670 enim
1133 2608 1223 2690 parte
1255 2603 1435 2688 Φιλόμηλος

194 2715 310 2800 δράσει
334 2715 386 2777 καὶ
409 2718 596 2798 παρανομίᾳ
620 2712 781 2798 διαμέρων
806 2713 898 2793 23,1;
927 2711 1077 2796 ἐπειρᾶτο
1100 2711 1135 2776 δὲ
1159 2713 1215 2786 τ’δις
1237 2717 1349 2797 κρίσιις
1374 2714 1435 2774 τῶν

187 2821 433 2905 Ἀμφικτυόνων
460 2819 587 2896 ἀδίκους
615 2819 777 2883 δεικνύναι
804 2819 886 2881 κατὰ
915 2820 948 2883 τὸ
979 2819 1117 2884 δυνατὸν
1144 2821 1163 2904 ᾗ
1193 2819 1227 2891 5:
1264 2820 1346 2905 πρὸς
1381 2819 1435 2902 τὴν

192 2929 355 3015 ὑπεροχήν
372 2931 426 2993 τοῦ
441 2929 628 3010 βιαζομένου
645 2929 698 3008 27,
719 2935 747 3003 13
764 2927 816 2988 καὶ
834 2927 887 2990 τὸν
902 2926 1047 3009 πόλεμον
1063 2926 1144 3012 ὑπὲρ
1162 2929 1216 2990 τοῦ
1232 2929 1314 2990 usae
1329 2925 1434 2989 ἐπαν-

194 3041 314 3103 ιίλοντο
349 3037 561 3104 Phocensibus
595 3056 657 3101 non
693 3036 797 3101 favere
832 3034 1011 3116 videantur,
1051 3034 1091 3100 ab
1127 3033 1229 3100 altera
1265 3033 1435 3119 ἀνάνδρων

194 3146 354 3233 ὑπάρχειν
379 3148 431 3226 23,
448 3153 481 3222 43
505 3145 619 3230 διόπερ
643 3143 704 3229 ἔφη
727 3144 794 3208 δεῖν
817 3141 1029 3228 ἀμφισβητεῖν
1052 3143 1125 3229 πιρὶ
1149 3145 1200 3226 τῆς
1218 3144 1272 3205 τοῦ
1286 3145 1434 3223 parasino

194 3260 389 3342 προστασίας
412 3256 430 3339 ξ
455 3257 489 3334 6,
521 3257 582 3316 τῶν
604 3252 639 3316 δὲ
666 3255 800 3316 Φακέαν
823 3251 877 3315 διὰ
903 3251 957 3313 τὸν
979 3250 1012 3312 ἐκ
1037 3253 1089 3334 οἵης
1116 3250 1201 3334 δίκης
1230 3249 1335 3332 φόβον
1362 3248 1434 3311 ἑλο-

193 3369 297 3446 μένων
325 3361 424 3426 αδιδν
452 3361 669 3445 αὐτοκράτορα
697 3361 869 3445 στρατηγὸν
898 3359 951 3444 (cf.
976 3356 1069 3424 Paus.
1101 3359 1158 3437 10,
1189 3359 1224 3438 2,
1255 3358 1290 3441 3)
1318 3356 1374 3419 κτλ
1403 3360 1436 3420 et

98 3493 101 3500 ·
195 3469 349 3536 nonnulla
372 3469 437 3535 alia
461 3470 600 3535 animum
622 3466 836 3534 Phocensibus
865 3467 990 3532 omnino
1019 3466 1168 3532 infestum
1195 3485 1257 3530 non
1285 3463 1433 3529 indicant.

274 3670 292 3739 ¹)
313 3673 419 3738 Strabo,
439 3672 485 3740 qui
505 3669 616 3724 eandem
636 3685 691 3722 rem
711 3665 747 3738 (p.
762 3667 826 3734 420)
847 3669 931 3732 effert,
952 3684 998 3736 pro
1011 3667 1142 3720 Phalaeco
1157 3665 1353 3719 onomarchum
1367 3681 1435 3718 nun·
1514 3701 1517 3708 .

197 3769 292 3834 supet,
321 3763 391 3817 idem
416 3763 449 3814 dc
474 3761 638 3825 Philomalo‚
667 3761 762 3828 templi
786 3759 955 3826 spoliationis
984 3759 1108 3821 auctore,
1138 3756 1207 3808 nihil
1237 3759 1436 3821 commemoret,

197 3871 359 3924 quamquam
385 3870 398 3906 e
424 3854 518 3920 templi
543 3853 692 3920 direptione
717 3853 745 3904 et
769 3850 930 3903 Phocaicum
954 3851 982 3902 et
1005 3863 1110 3900 sacrum
1137 3847 1306 3914 appellatum
1331 3847 1434 3898 bellum

198 3950 284 4000 ortum
305 3963 362 4000 esse
382 3947 464 4013 paulo
484 3947 547 3997 ente
566 3945 683 3996 testatus
703 3943 752 3995 est.

269 4033 291 4102 ¹)
311 4011 396 4100 ῥοαί,
420 4052 446 4103 p.
475 4034 540 4089 181:
575 4034 639 4096 ,Die
659 4019 752 4097 Quelle
778 4027 918 4096 (se-27)
943 4030 1025 4084 liebte
1048 4043 1075 4081 es
1094 4029 1165 4089 also,
1191 4027 1240 4080 aul
1257 4025 1433 4094 Sagenhaltes

198 4125 316 4192 (Homer)
336 4124 582 4192 umdekzugehem.
614 4124 653 4176 Ne
673 4122 735 4190 quis
755 4121 842 4175 verbis
862 4121 890 4174 in
910 4137 932 4174 c.
953 4107 1023 4185 dits
1037 4121 1064 4172 et
1076 4118 1120 4179 56.
1136 4134 1148 4173 ι
1164 4117 1260 4170 iisdem
1277 4118 1330 4170 lere
1344 4131 1360 4168 a
1373 4115 1435 4168 Dio·

199 4218 261 4270 doro
287 4218 415 4271 adhibitis
441 4220 539 4269 temere
562 4215 668 4267 nitatur
691 4213 864 4265 conferantur
890 4209 995 4263 Diodori
1020 4209 1059 4261 ΙΙΙ
1080 4225 1120 4264 sc:
1154 4211 1302 4276 συμφωνεῖν
1327 4207 1358 4259 δὲ
1383 4209 1437 4266 τοῖς

200 4309 350 4376 λεγομένοις
368 4304 409 4362 ὑπ’
430 4309 517 4360 αὐτῶν
535 4306 577 4358 καὶ
596 4306 639 4358 ude
658 4303 861 4372 &repausaturus
874 4307 925 4354 τῶν
938 4299 999 4370 παρ’
1008 4294 1118 4364 Ἕλλησι
1131 4297 1241 4367 ποιητῶν
1256 4299 1283 4350 ἐν
1297 4295 1335 4356 οἷς
1348 4315 1436 4365 napea·

142 4433 145 4438 ,
200 4401 274 4468 οάηει
291 4401 338 4468 τὴν
351 4393 439 4468 Ἥραν
457 4397 587 4466 λέγουσαν
605 4395 659 4460 κτλ,
678 4393 725 4446 sed
738 4392 861 4456 Broelrer,
881 4390 1123 4458 Untersuchungen
1136 4389 1202 4442 dher
1215 4386 1321 4440 Diodor.
1352 4401 1378 4453 p.
1395 4384 1435 4437 16.

200 4489 271 4558 qued
291 4504 382 4544 omnes
401 4487 556 4542 Homericos
576 4488 649 4540 locos
668 4482 784 4538 Diodoro
803 4482 856 4551 ipsi
875 4479 1049 4548 adiudicarit,
1068 4495 1164 4552 perum
1183 4478 1262 4532 caute
1281 4475 1343 4551 egit.

264 4575 291 4646 ὃ)
311 4596 338 4648 p.
359 4575 510 4632 111-113.
