3314 5124
761 401 800 408 -
849 363 981 426 28--

252 540 345 608 rebus
379 561 474 628 quam
509 543 636 628 poterat
663 539 812 628 explevit.
860 541 912 608 Sic
936 543 1016 608 arcis
1045 541 1163 608 deditio
1198 563 1269 608 eum
1292 564 1385 630 quam
1409 563 1517 616 nuno.

252 648 349 715 habet
372 669 488 714 annum
512 649 656 716 obtinuit.

342 757 377 824 Si
400 759 464 824 iam
488 760 521 824 in
544 758 675 825 Diodori
703 761 883 826 narratione
912 759 1097 827 excutienda
1125 761 1297 846 pergimus
1327 760 1368 826 ad
1396 781 1421 826 c.
1448 763 1489 827 78

252 867 333 934 unde
368 867 499 954 profecti
537 889 658 950 sumus,
680 848 906 955 pervenimus.
964 867 1128 936 Plutarchi
1163 871 1357 954 comparatio
1393 869 1490 936 alium

253 975 293 1040 ab
322 975 380 1042 hoc
410 975 508 1041 aliurn
537 997 557 1040 a
584 976 722 1044 Diodoro
751 978 783 1042 in
807 977 931 1044 Thrasii
959 979 1083 1064 incepto
1112 977 1285 1044 enarrando
1314 977 1491 1044 adhibitum

252 1103 321 1149 esse
349 1081 485 1150 dilucide
513 1082 625 1150 effecit.
673 1083 759 1162 Quae
787 1085 945 1151 sententia
973 1084 1092 1150 duobus
1115 1105 1154 1150 ex
1177 1085 1286 1151 eodem
1311 1087 1414 1172 capite
1439 1109 1492 1173 pe-

252 1192 322 1258 titis
346 1194 539 1275 argumentis
563 1192 739 1258 confirmari
765 1192 843 1257 mihi
859 1192 992 1274 videtur,
1017 1193 1129 1278 quibus
1145 1194 1396 1260 observationem
1411 1195 1492 1262 hano

253 1301 437 1386 praemitto:
463 1299 597 1384 legimus
610 1300 693 1386 apud
705 1299 878 1392 Diodorum
891 1304 943 1381 77,
961 1308 978 1365 5
994 1301 1209 1384 magnitudine
1222 1300 1491 1386 Carthaginiensis

254 1409 407 1474 exercitus
435 1412 597 1494 comperta
625 1407 853 1474 Timoleontem
888 1408 1008 1474 bellurn
1036 1429 1106 1475 cum
1135 1407 1250 1476 Hiceta
1282 1413 1492 1497 composuisse

253 1517 338 1603 quod
365 1515 537 1584 Plutarcho
571 1539 683 1604 pamm
719 1520 878 1599 convenit,
914 1520 968 1604 qui
982 1509 988 1522 '
1003 1539 1065 1583 una
1093 1538 1163 1584 cum
1191 1519 1283 1584 rebus
1311 1518 1492 1585 aDiodoro

254 1623 401 1692 similiter
424 1627 456 1691 in
480 1646 505 1692 c.
524 1629 566 1692 72
590 1628 727 1693 narratis
742 1625 890 1693 Hicetam
912 1649 933 1692 a
948 1625 1143 1692 Timoleonte
1167 1631 1310 1692 eoactum
1325 1627 1493 1712 tyrannide

254 1753 322 1800 sese
351 1733 568 1802 abdicaturum
597 1734 774 1822 pollicitum
804 1756 872 1802 esse
901 1735 1016 1802 diserte
1040 1734 1142 1801 affert.
1190 1734 1253 1800 Sed
1275 1736 1403 1800 maioris
1427 1756 1493 1802 mo-

253 1843 439 1924 mentiost,
469 1842 552 1930 qnod
575 1843 712 1910 Diodoro
736 1849 863 1910 auctore
888 1846 956 1930 (78,
975 1846 1007 1928 2)
1032 1844 1070 1906 τὰ
1094 1841 1207 1928 πλήθη
1231 1881 1272 1890 -
1297 1844 1492 1924 mercenarii,

253 1949 459 2037 Syracusani,
495 1952 572 2018 socii
602 1991 643 2000 -κ
673 1973 768 2039 quarn
796 1951 957 2018 celerrime
986 1953 1019 2017 in
1047 1951 1197 2017 barbaros
1224 1971 1292 2016 sese
1316 1950 1387 2015 duci
1411 1949 1493 2016 velle

254 2079 376 2125 summo
405 2059 515 2125 ardore
544 2058 775 2140 clamaverunt,
806 2081 822 2125 e
851 2058 1016 2126 Plutarchi
1045 2063 1151 2124 autem
1180 2058 1333 2124 relatione
1362 2060 1403 2145 (c.
1436 2060 1493 2145 25)

254 2167 521 2252 Syracusanorum
550 2169 648 2233 animi
671 2171 795 2234 tanturn
819 2170 990 2254 compressi
1013 2172 1116 2247 erant,
1145 2172 1182 2232 ut
1204 2187 1297 2250 aegre
1320 2169 1383 2231 tria
1406 2167 1496 2233 milia

255 2295 343 2340 arma
377 2295 488 2362 capere
518 2275 678 2341 auderent.
732 2274 853 2342 Deinde
883 2275 921 2341 de
949 2296 1077 2341 numero
1101 2274 1305 2341 Timoleontis
1333 2277 1495 2361 copiarum

254 2381 335 2450 alius
359 2382 456 2449 aliam
479 2385 634 2449 rationem
656 2385 805 2471 sequitur.
846 2383 1002 2450 Diodorus
1026 2385 1110 2450 enim
1132 2383 1240 2464 tradit,
1266 2373 1504 2449 himelconem

255 2512 317 2558 non
334 2491 405 2578 plus
434 2492 597 2559 duodecim
624 2493 714 2559 milia
742 2495 868 2560 omnino
897 2513 1003 2560 seeum
1031 2493 1165 2575 duxisse,
1190 2493 1239 2558 cui
1262 2512 1390 2557 numero
1415 2511 1494 2578 quae

255 2600 464 2687 subsequutur
488 2599 583 2686 plano
606 2601 810 2688 respondent:
847 2602 1060 2678 ἑξαπλασίους
1082 2603 1144 2687 γὰρ
1167 2601 1262 2674 ὄντας
1279 2601 1350 2674 τοὺς
1365 2605 1494 2686 Καρχη-

253 2709 376 2782 δονίους
403 2708 459 2772 κτλ
483 2701 551 2795 (78,
568 2710 601 2793 5)
630 2711 669 2799 οἱ
694 2713 748 2792 77,
772 2717 791 2772 4
814 2713 917 2792 (εἶχον
939 2710 974 2774 δὲ
1001 2709 1196 2791 σύμπαντας
1224 2748 1265 2756 -
1296 2708 1414 2784 πεζοὺς
1435 2708 1494 2791 μὲν

253 2817 385 2888 πλείους
409 2819 469 2881 τῶν
492 2816 756 2904 ἑπτακισμυρίων,
778 2817 890 2893 ἱππεῖς
913 2818 948 2882 δὲ
970 2817 1023 2881 καὶ
1038 2814 1166 2905 ὅρματα
1181 2818 1234 2881 καὶ
1249 2817 1423 2902 συνωρίδας
1439 2815 1495 2882 οὖν

253 2923 400 2999 ἐλάττους
424 2926 487 2990 τᾶν
508 2930 653 3012 μυρίων).
701 2926 875 2994 Diodoreus
899 2927 995 3010 igitur
1017 2927 1087 2992 fons
1115 2926 1257 3012 peditum
1292 2926 1494 3012 equitumque

254 3055 399 3102 numeros
435 3056 574 3102 seorsum
609 3035 705 3103 dedit.
758 3035 948 3102 Plutarchus
977 3057 1012 3101 eo
1047 3034 1165 3114 differt,
1202 3033 1285 3120 quod
1312 3035 1376 3098 tria
1405 3034 1494 3100 milia

254 3143 523 3228 Syracusanorum
545 3148 578 3209 et
601 3148 735 3231 quatuor
757 3145 1019 3210 mercenariorum
1035 3142 1264 3208 Timoleontem
1287 3146 1410 3208 secutos
1427 3163 1494 3208 esse

253 3251 387 3333 indicat3
423 3251 614 3337 reliquorum
643 3251 834 3334 Siculorum,
871 3253 924 3338 qui
952 3253 984 3316 in
1012 3273 1117 3338 pugna
1147 3254 1187 3337 (c.
1214 3252 1271 3335 27)
1307 3270 1495 3316 commemo-

255 3365 364 3426 rantur
374 3361 414 3446 ¹),
444 3358 566 3426 nullam
593 3361 784 3427 mentionem
814 3361 904 3439 facit,
934 3360 1017 3446 quod
1046 3381 1102 3446 per
1125 3379 1158 3425 se
1181 3357 1261 3423 nihil
1291 3357 1412 3423 valeret
1435 3359 1494 3423 nisi

254 3489 293 3533 ne
328 3472 488 3535 auctorem
524 3472 590 3536 eius
625 3468 751 3555 quidem
779 3469 817 3534 de
846 3469 999 3534 sociorum
1027 3488 1156 3533 numero
1184 3465 1259 3553 quid
1285 3465 1494 3532 tradidissee

254 3577 456 3662 sequentibus
479 3577 584 3644 verbis
606 3576 676 3644 luce
694 3576 809 3644 clarius
825 3579 917 3643 esset.
955 3574 1034 3642 Oum
1050 3576 1252 3662 septuaginta
1267 3575 1350 3639 enim
1366 3573 1493 3640 milibus

138 3757 139 3761 ς
254 3684 392 3750 hostium
409 3686 462 3771 (of.
481 3684 576 3771 paulo
593 3687 666 3751 anto
684 3685 777 3752 dieta
792 3685 929 3764 ἄγοντας
952 3682 1036 3748 ἑπτὰ
1050 3681 1205 3770 μυριάδας
1228 3684 1371 3768 στρατοῦ,
1397 3684 1495 3749 idest

255 3796 288 3858 et
315 3792 457 3879 peditum
486 3797 519 3858 et
546 3795 701 3879 equiturn)
737 3792 826 3858 mille
861 3795 1061 3860 mercenariis
1096 3791 1162 3858 illis
1190 3791 1331 3858 deductis
1359 3793 1495 3879 quinque

255 3899 344 3966 milia
373 3900 513 3988 peditum
542 3905 575 3966 et
597 3901 686 3966 mille
715 3905 835 3987 equites
863 3907 1099 3988 comparantur,
1129 3899 1212 3987 quod
1235 3920 1406 3986 numquam
1430 3900 1496 3965 fieri

256 4009 368 4096 potuit,
394 4010 421 4076 si
444 4010 599 4076 sociorum
621 4030 768 4076 numerus
792 4010 886 4096 paulo
911 4014 984 4077 ante
1007 4010 1154 4076 definitus
1178 4012 1255 4074 erat.

345 4117 434 4184 Haec
468 4119 547 4184 satis
582 4139 649 4186 esse
684 4118 761 4184 mihi
791 4119 937 4185 videntur
965 4119 1006 4185 ad
1034 4140 1104 4185 earn
1132 4139 1227 4204 quarn
1255 4139 1350 4204 supra
1378 4116 1496 4204 protuli

256 4227 447 4293 sententiam
475 4227 749 4313 comprobandam.
803 4227 838 4294 Si
866 4249 939 4296 vero
963 4227 1151 4294 Plutarchus
1180 4226 1308 4292 Timaeo
1335 4227 1368 4291 in
1392 4226 1496 4291 Timo-

256 4334 372 4401 leontis
396 4335 464 4401 vita
487 4336 710 4404 conscribenda
733 4339 882 4425 primario
906 4336 958 4403 vel
982 4336 1059 4402 adeo
1083 4338 1172 4403 unico
1197 4338 1323 4402 auctore
1346 4357 1420 4401 usus
1437 4338 1494 4416 est,

199 4547 202 4552 y
333 4570 351 4641 ¹)
371 4575 404 4629 τὰ
421 4577 471 4641 μὲν
488 4577 587 4646 κέρατα
605 4580 659 4640 τοῖς
676 4574 766 4639 ἄλλοις
785 4575 949 4639 Σικελιώταις
967 4576 1099 4632 ἐπέδωκεν
1117 4573 1170 4627 κτλ.
