3314 5124
663 377 793 439 ..¹27
843 417 883 422 -

152 557 247 644 paulo
264 559 338 622 aute
363 556 401 622 de
426 554 552 622 exulum
576 554 817 642 colonorumque
842 556 874 620 in
890 553 1032 622 Siciliam
1056 555 1194 628 adventu
1217 557 1392 628 accuratius

151 668 263 751 agit¹).

226 773 331 852 ‚Haec
354 774 428 838 suut
443 755 523 858 quae
540 772 578 838 de
595 792 621 838 c.
637 775 678 837 69
696 776 728 837 et
745 793 770 838 c.
789 774 833 837 70
849 771 980 838 Diodori
996 793 1066 839 cum
1081 769 1252 839 Plutarcho
1269 772 1394 839 collatis

151 883 308 969 imprimis
324 880 463 947 notanda
479 880 557 946 mihi
573 880 726 946 videntur.
762 878 808 946 At
819 878 1047 966 Vclquardsen,
1061 901 1153 967 quem
1166 879 1394 967 discrepantiae

152 989 280 1054 minime
309 988 469 1071 fugerant,
500 989 712 1054 contusionem
735 1007 839 1052 rerum
862 991 1101 1075 temporumque
1123 990 1278 1055 rationem
1301 987 1395 1054 vehe-

152 1097 349 1162 mentissime
378 1116 558 1182 perversam
587 1117 604 1160 e
627 1094 759 1160 levitate
786 1096 972 1181 inscitiaque
997 1094 1127 1162 Diodori
1151 1101 1236 1162 ortas
1260 1096 1393 1180 duxit2),

151 1203 234 1290 quod
249 1203 379 1269 minime
400 1202 478 1268 mihi
495 1202 651 1289 probavit.
688 1201 830 1267 Primum
853 1203 936 1268 enim
959 1202 1281 1290 quodVolquardsen,
1306 1205 1394 1292 quii)

152 1312 376 1378 dissensionem
397 1309 527 1376 Diodori
551 1315 584 1376 et
607 1309 771 1377 Plutarchi
794 1311 832 1376 de
856 1315 997 1398 tempore
1022 1310 1225 1398 Timophanis
1249 1313 1355 1379 caedis
1379 1333 1395 1378 e

151 1419 281 1485 Timaeo
313 1441 332 1484 a
360 1417 498 1484 Diodoro
533 1418 713 1484 foedissime
747 1418 920 1505 depravato
953 1418 1095 1484 derivare
1123 1441 1186 1485 non
1214 1442 1307 1487 ausus
1337 1425 1394 1502 est,

151 1528 282 1594 Diodori
307 1548 375 1614 cpp.
402 1530 455 1608 69,
481 1528 565 1621 70e
587 1515 751 1593 Plutarchi
775 1528 861 1592 fonte
885 1526 1011 1594 fluxisse
1035 1527 1208 1594 arbitratus
1231 1532 1280 1594 est
1303 1528 1396 1594 valde

151 1637 258 1702 miror.
308 1635 380 1702 Non
402 1637 505 1701 minor
528 1636 667 1722 profecto
692 1635 877 1723 depravatio
901 1637 952 1717 sit,
978 1638 1005 1702 si
1029 1637 1154 1702 omnino
1178 1641 1241 1718 est;
1266 1637 1398 1704 audacie

152 1743 202 1810 vel
228 1745 332 1831 potius
356 1743 566 1830 impudentia,
596 1764 659 1829 qua
682 1743 838 1810 Diodoms
863 1746 982 1830 capita,
995 1743 1054 1809 illa
1077 1766 1093 1810 e
1118 1745 1214 1811 sontis
1237 1747 1285 1811 sui
1308 1766 1397 1812 accu-

153 1854 315 1919 ratissima
344 1853 524 1938 optimoque
552 1850 659 1916 ordine
688 1851 875 1938 procedente
899 1854 1080 1918 narratione
1104 1852 1335 1936 conglutinasse
1360 1875 1397 1920 ac

153 1961 327 2047 corrupisse
344 1958 580 2045 Volquardseuo
597 1963 724 2025 auctore
740 1959 907 2041 videretur,
933 1962 1025 2026 tenta
1042 1963 1099 2041 est,
1125 1965 1243 2046 quanta
1259 1961 1397 2028 Diodoro

153 2067 239 2134 nullo
272 2071 338 2133 iure
367 2069 516 2154 imputari
545 2067 648 2133 debet.
696 2067 818 2135 Deinde
842 2068 1015 2136 Diodorum
1044 2071 1179 2136 auctoris
1208 2071 1253 2135 sui
1280 2069 1398 2136 -Ti-

155 2179 238 2242 maei
262 2216 304 2224 -
329 2175 517 2242 relationem
546 2178 725 2243 continuam
753 2178 801 2242 ita
827 2178 1070 2244 transformasse
1095 2198 1132 2243 ac
1154 2179 1337 2259 mutavisse,
1362 2183 1398 2244 ut

152 2285 284 2350 notitiae
320 2284 358 2350 de
388 2283 581 2370 Theopompi
615 2283 862 2371 Philippioomm
897 2285 987 2352 libris
1023 2289 1155 2352 39-41
1186 2307 1203 2352 e
1231 2287 1317 2352 fonte
1340 2286 1397 2352 illo

154 2393 342 2476 gravissima
369 2391 546 2458 litterariae
574 2391 724 2458 historiae
754 2393 840 2459 facta
867 2393 1096 2481 complectente
1122 2400 1286 2481 excerptae
1311 2415 1398 2461 acco-

154 2501 311 2583 modaret,
342 2502 412 2587 quis
427 2499 663 2587 Volquardseuo
692 2503 897 2583 assentietur,
927 2503 982 2588 qui
1008 2503 1091 2568 inter
1115 2523 1222 2569 omncs
1246 2503 1398 2569 eiusmodi

103 2593 105 2596 ⁵
154 2608 373 2675 adnotationes
403 2612 436 2674 et
459 2606 589 2674 Diodori
617 2609 716 2695 ipsius
745 2610 957 2675 narrationem
985 2609 1107 2676 nullam
1136 2611 1398 2677 necessitudinem

154 2716 346 2783 intercedere
370 2717 437 2802 ipse
461 2715 708 2783 luculentissime
725 2716 881 2783 ostendit?
918 2716 967 2783 Ne
982 2717 1015 2783 id
1031 2717 1157 2805 quidem
1173 2719 1202 2784 ei
1218 2719 1396 2800 concedam,

155 2827 347 2911 a'scriptorc
376 2824 432 2889 illc
462 2845 519 2911 pro
547 2845 653 2911 pugna
682 2825 722 2890 ad
747 2824 914 2892 Crimisum
944 2829 1112 2892 commissa
1140 2826 1286 2913 Dionysii
1313 2827 1399 2893 dedi-

154 2935 270 3000 tionem
300 2935 437 3020 positam
461 2953 539 2999 esse.
576 2919 717 2999 Primum
740 2934 823 3000 enim
847 2933 949 3016 illurn,
975 2937 1028 3021 qui
1052 2934 1090 3000 de
1113 2934 1244 3021 reliquis
1267 2939 1399 3022 scripto-

154 3042 238 3109 ribus
268 3042 442 3108 rectissime
471 3041 650 3124 adnotavit,
680 3045 713 3107 in
740 3042 800 3109 hoc
828 3062 889 3108 uno
912 3042 982 3109 loco
1006 3047 1074 3108 tam
1098 3043 1212 3109 leviter
1235 3045 1335 3127 egisse
1364 3047 1399 3136 ut

156 3151 240 3216 facta
269 3149 329 3215 duo'
359 3151 449 3216 annis
477 3149 631 3216 distantia
645 3150 861 3226 ⁸confuuderet
889 3151 942 3216 vix
972 3150 1142 3218 verisimile
1171 3155 1229 3217 est.
1278 3149 1399 3216 Deinde

159 3258 233 3344 quid
258 3258 372 3340 obstet,
398 3261 563 3344 quominus
578 3258 723 3344 Dionysii
746 3258 936 3325 deditionem
954 3259 1118 3346 aptissime
1133 3259 1280 3324 ultimum
1296 3258 1400 3324 locum

156 3369 317 3432 tenentem
341 3365 579 3452 aTheopompo
603 3387 675 3432 vere
700 3367 757 3433 sub
782 3388 863 3433 anno
889 3370 952 3433 343
970 3355 1133 3433 narratam
1149 3387 1217 3434 esse
1234 3387 1398 3453 ponamus

156 3495 218 3540 non
252 3474 355 3540 video.
405 3473 522 3540 Contra
557 3495 595 3540 ex
623 3495 659 3540 eo
688 3475 771 3561 ipso,
807 3475 890 3562 quod
919 3474 1098 3541 aDiodoro
1127 3476 1208 3542 arcis
1237 3477 1399 3561 occupatio

157 3604 237 3649 auno
263 3585 327 3650 343
353 3583 455 3666 datur,
481 3604 550 3650 cum
567 3581 695 3648 Holmio
704 3586 731 3669 ⁴)
753 3583 1006 3672 Theopompeam
1022 3582 1207 3650 relationem
1224 3583 1399 3650 Diodoreae

155 3692 329 3758 narrationi
352 3691 479 3758 subesse
503 3693 620 3758 conicio
646 3731 687 3741 -
713 3692 799 3758 aliud
815 3692 1009 3778 Theopompi
1032 3693 1202 3784 vestigium
1223 3695 1288 3758 iarn
1304 3712 1400 3774 agno-

156 3800 257 3866 vimus
281 3825 340 3882 —3
376 3799 460 3885 quod
482 3799 637 3866 Diodorus
673 3801 730 3866 sub
766 3805 901 3887 quatuor
935 3803 1025 3866 annis
1054 3802 1198 3886 exponit,
1235 3821 1315 3886 quae
1345 3819 1401 3886 per

155 3929 252 3974 unum
286 3929 403 3974 aunum
431 3909 517 3974 facta
546 3911 640 3990 sunt,
670 3909 798 3974 minime
827 3907 985 3992 offendit,
1008 3929 1077 3975 cum
1106 3907 1188 3974 aliae
1211 3929 1262 3974 res
1285 3909 1314 3973 ei
1337 3927 1400 3972 nou

155 4020 281 4101 praesto
305 4019 420 4098 essent,
445 4019 579 4102 quatuor
603 3993 788 4082 archontum
812 4037 910 4083 anuos
934 4016 974 4082 ol.
1002 4020 1075 4099 108,
1093 4019 1233 4098 2-109,
1251 4022 1269 4080 2
1284 4014 1400 4082 Siculis

158 4153 370 4164 *ηρ-

233 4214 253 4285 1)
274 4219 352 4275 Corn.
371 4219 461 4286 Nepos
488 4218 514 4270 iu
542 4220 661 4286 tempore
685 4234 738 4288 quo
758 4219 896 4273 Timoleon
922 4219 993 4287 leges
1018 4219 1224 4286 libertatemque
1244 4217 1400 4272 civitatibus

156 4310 285 4376 reddidit,
305 4309 459 4362 definiendo
479 4309 588 4362 omnino
609 4324 670 4362 eum
689 4309 805 4364 Diodoro
825 4310 901 4376 fecit3
922 4309 967 4364 vit.
989 4309 1057 4363 Tim.
1080 4309 1104 4365 3.

229 4397 250 4466 ²)
270 4418 296 4468 p.
317 4399 360 4454 98.

227 4487 250 4554 ⁸)
270 4507 297 4560 p.
317 4490 360 4545 36.

229 4577 249 4648 ⁴)
269 4581 303 4646 11,
323 4596 348 4649 p.
370 4577 431 4634 466.
