3314 5124
715 374 915 443 -.9-

195 551 296 638 detur,
321 551 397 639 quid
420 554 487 620 eius
509 553 662 635 interfuit,
686 552 900 620 Philomelam
916 559 984 621 tam
1000 555 1117 622 diserte
1132 558 1291 642 sacrilegii
1306 559 1435 625 crimine

194 660 343 747 purgari?
395 659 482 728 Talis
510 665 619 728 auctor
646 661 730 728 haud
757 661 850 728 dubie
878 660 1105 747 Philomelum,
1135 666 1261 732 etiamsi
1288 668 1436 754 pecunias

194 773 356 836 mutuatus
380 774 474 851 esset,
492 790 560 842 ,non
580 769 758 856 spoliasset,
783 771 816 835 in
831 765 999 857 ἱεροσύλων
1013 793 1141 838 numero
1157 773 1350 859 protulisset.
1389 774 1436 840 At

195 877 346 964 spoliavit
367 876 564 944 Philomelus
587 877 743 964 templum
766 899 805 944 ex
828 878 982 960 eiusdem,
1013 883 1048 945 ut
1070 878 1136 946 illis
1150 882 1172 966 ¹)
1196 883 1271 948 viris
1300 882 1434 966 videtur,

195 987 331 1052 auctoris
360 987 518 1053 sententia
546 989 586 1072 (c.
618 987 745 1071 32,1)!
798 985 907 1052 Omnis
942 1008 1015 1054 vero
1051 988 1207 1056 dubitatio
1244 988 1281 1055 de
1316 990 1435 1058 duobus

116 1087 123 1098 '
194 1093 373 1160 auctoribus
397 1091 580 1176 aDiodoro,
605 1093 669 1160 alio
692 1095 725 1160 in
749 1115 774 1160 c.
795 1097 938 1178 28-30,
964 1094 1027 1162 alio
1050 1097 1083 1163 in
1107 1118 1132 1163 c.
1160 1100 1212 1179 56,
1230 1105 1258 1175 5,
1284 1097 1435 1165 adhibitis

193 1200 349 1287 reliquam
373 1221 398 1267 c.
423 1203 464 1267 56
489 1205 611 1288 partem
635 1203 806 1289 inquirenti
827 1203 979 1269 radicitus
1003 1206 1167 1271 excutitur.
1215 1203 1324 1290 Pergit
1351 1207 1434 1273 enim

192 1309 349 1375 Diodorus
366 1310 398 1374 in
415 1309 588 1393 sacrilegiis
603 1309 811 1377 Phocensium
828 1311 1046 1379 enumerandis
1063 1317 1158 1399 atque
1175 1312 1213 1380 de
1227 1313 1433 1396 Onomarcho,

192 1437 287 1504 quem
311 1418 441 1484 fratrem
461 1417 632 1483 Philomeli
655 1418 735 1484 falso
760 1419 918 1505 appellat,
943 1419 1021 1486 haec
1045 1419 1150 1487 affert:
1180 1421 1198 1485 ὁ
1223 1422 1257 1486 δὲ
1280 1423 1436 1509 δεύτερος,

192 1527 503 1613 προςαγορεοόμενος
517 1527 575 1610 μὲν
591 1527 794 1613 Ὀνόμαρχος,
817 1528 958 1612 ἀδελφὸς
973 1528 1004 1592 δ’
1019 1526 1065 1593 ὧν
1083 1529 1278 1614 Φιλομήλου,
1300 1532 1435 1595 πλεῖστα

193 1639 255 1699 τῶν
278 1636 333 1700 τοῦ
356 1637 437 1699 θεοῦ
460 1635 632 1720 χρημάτων
655 1636 899 1721 κατεδαπάνησε
907 1638 943 1722 ²).
985 1635 1033 1702 Dc
1057 1636 1167 1702 eodem
1184 1635 1381 1705 Onomarcho
1401 1639 1434 1703 in

190 1747 345 1828 perpetua
360 1741 437 1808 belli
453 1743 632 1808 narratione
648 1742 725 1808 haec
744 1741 906 1826 leguntur:
937 1764 963 1811 c.
985 1746 1039 1827 33,
1057 1750 1075 1808 2
1097 1746 1131 1808 ἐκ
1152 1745 1212 1828 μὲν
1236 1747 1290 1810 τοῦ
1312 1747 1433 1828 χαλκοῦ

190 1851 243 1914 καὶ
271 1851 400 1937 σιδήρου
427 1849 655 1916 κατεσκεύασεν
681 1846 794 1915 ὅπλων
821 1852 968 1936 πλῆθος,
996 1853 1030 1916 ἐκ
1057 1853 1091 1917 δὲ
1120 1856 1176 1917 τοῦ
1203 1852 1353 1940 ἀργυρίου
1381 1857 1434 1919 καὶ

189 1964 317 2044 χρυσίου
342 1958 479 2041 νόμισμα
502 1959 610 2044 κόψας
634 1969 702 2033 ταῖς
725 1983 758 2022 τε
785 1959 1023 2042 συμμαχούσαις
1046 1961 1179 2024 πόλεσιν
1202 1962 1338 2027 διεδίδου
1360 1964 1426 2028 κτλ.

191 2065 275 2145 Quos
303 2066 380 2133 duos
408 2065 494 2133 locos
521 2066 676 2153 quomodo
699 2065 918 2154 Volquardsen
942 2071 975 2134 et
996 2065 1085 2135 Paok
1108 2068 1210 2134 eidem
1234 2071 1353 2136 auctori
1376 2072 1433 2136 tri-

190 2174 285 2240 buere
312 2175 486 2260 potuerint,
516 2195 578 2240 non
606 2195 769 2262 assequor3
799 2181 866 2241 tam
895 2177 1043 2243 contrarii
1071 2177 1132 2242 sibi
1159 2182 1246 2260 sunt,
1279 2183 1314 2244 ut
1342 2177 1433 2264 plura

190 2281 290 2348 verba
317 2281 355 2347 de
383 2282 422 2348 iis
451 2282 554 2348 facere
582 2284 646 2349 iam
672 2304 734 2350 non
758 2305 835 2371 opns
858 2286 915 2367 sit,
944 2306 1018 2350 nam
1042 2284 1080 2350 de
1104 2285 1214 2351 eodem
1238 2284 1432 2353 Onomarcho

191 2390 326 2456 eundem
349 2393 509 2456 auctorem
533 2389 596 2456 alio
625 2390 694 2458 loco
723 2391 815 2474 aliud,
838 2392 1008 2476 iudicasse,
1038 2393 1107 2479 quis
1136 2393 1195 2459 sibi
1224 2394 1432 2480 persuadeat?

190 2496 239 2564 De
267 2496 420 2584 Phayllo,
450 2497 638 2567 Onomarchi
666 2502 779 2585 fratre,
808 2502 886 2569 haec
913 2503 946 2567 in
975 2523 1000 2569 c.
1031 2503 1073 2566 56
1103 2505 1226 2567 extant:
1269 2508 1369 2588 τρίτος
1398 2505 1433 2568 δὲ

193 2606 342 2680 Φάυλλος
364 2605 381 2674 ὀ
405 2606 547 2692 ἀδελφὸς
564 2609 761 2695 Ὀνομάρχου
784 2611 998 2696 στρατηγήσας
1021 2608 1079 2676 οὐκ
1101 2610 1194 2688 ὀλίγα
1217 2595 1279 2675 τῶν
1299 2610 1432 2697 ἀναδη-

188 2715 300 2798 μάτων
322 2721 501 2802 κατέκοψεν
524 2719 568 2791 εἰς
592 2717 648 2790 τὰς
672 2720 733 2781 τάν
756 2720 855 2793 ξένων
877 2720 1094 2805 μισθοφορὰς,
1116 2718 1228 2806 quibus
1249 2739 1311 2784 nou
1328 2718 1433 2786 aliena

189 2828 263 2890 sunt
286 2844 365 2911 quae
390 2824 428 2889 de
452 2823 561 2890 eodem
585 2828 618 2889 et
641 2844 666 2890 c.
693 2827 779 2907 36,1
805 2830 838 2891 et
861 2845 886 2892 c.
912 2829 1001 2909 37st
1025 2825 1182 2892 dicuntur:
1218 2827 1271 2890 καὶ
1293 2827 1432 2911 νόμισμα

190 2931 289 3017 ἔκοψε
303 2935 441 3019 χρυσοῦν
458 2957 491 2995 τε
505 2934 559 2995 καὶ
581 2931 740 3018 ἀργυροῦν
746 2963 757 3013 ,·
784 2935 883 3016 37,2
910 2933 991 3015 ἔχων
1017 2935 1078 3020 γάρ
1105 2934 1276 3021 χρημάτων
1303 2936 1432 3021 πλῆθος

189 3040 398 3104 ἀνέκλειπτον
427 3080 468 3088 -
499 3043 534 3130 τῇ
561 3041 623 3126 γάρ
651 3040 805 3125 ἀφθονίᾳ
835 3046 896 3107 τῶν
923 3043 1093 3130 χρημάτων
1120 3042 1238 3128 ἀνέδην
1262 3042 1432 3128 χρώμενος,

189 3169 268 3234 quae
298 3147 358 3213 duo
388 3149 494 3234 capita
521 3147 653 3215 diversis
682 3150 821 3215 fontibus
850 3171 919 3216 cum
947 3149 1066 3216 Pachio
1095 3149 1275 3233 assignandi
1310 3148 1432 3215 nullam

189 3277 257 3321 esse
281 3255 475 3341 probabilem
499 3276 626 3322 causam
643 3257 726 3322 infra
740 3255 925 3324 videbimus.
966 3256 1028 3323 Sed
1043 3256 1142 3323 nihilo
1159 3258 1262 3323 minus
1279 3258 1431 3340 originem

189 3386 209 3428 a
237 3385 305 3449 cap.
337 3365 433 3445 56‚5
461 3363 618 3430 diversam
647 3385 685 3430 ea
712 3366 845 3432 traxisse
874 3367 983 3432 statim
1012 3367 1187 3453 apparebit.
1235 3364 1320 3444 Quae
1347 3367 1431 3431 enirn

189 3493 214 3538 c.
242 3476 329 3553 56,5
353 3471 391 3538 de
406 3470 545 3559 Phayllo
569 3472 810 3558 subsequuntur,
836 3473 876 3539 ad
898 3477 1001 3540 totam
1024 3473 1105 3540 hanc
1128 3475 1344 3560 quaestionem
1368 3473 1431 3539 sol·

189 3579 323 3646 vendam
352 3579 565 3666 firmissimum
593 3580 747 3667 praebent
775 3581 1027 3664 fundamentum,
1064 3581 1147 3669 quod
1174 3583 1254 3647 miro
1283 3602 1357 3648 casu
1390 3583 1430 3648 ab
1527 3627 1530 3633 ·

264 3761 283 3830 ¹)
304 3765 422 3819 Dubium
441 3764 494 3816 iam
513 3779 567 3817 non
588 3767 645 3830 est,
665 3765 730 3834 quin
751 3766 800 3818 viri
820 3766 894 3820 docti
913 3766 1000 3820 verbis
1020 3764 1071 3818 τῶν
1089 3767 1138 3830 μὲν
1157 3767 1235 3833 ἱερῶν
1255 3767 1431 3835 ἀναθημάτων

189 3855 312 3928 ἀπειχετο
331 3870 383 3908 non
404 3855 475 3908 recte
495 3854 640 3908 intellectis
660 3855 690 3908 in
709 3871 824 3910 errorem
844 3855 920 3909 ducti
940 3856 1003 3908 sint.
1037 3856 1106 3921 Quid
1124 3858 1216 3910 autem
1229 3855 1363 3909 Diodorus
1377 3857 1428 3910 sibi

188 3946 312 4010 voluerit,
336 3944 477 4013 sequentia
495 3947 586 4012 aperte
606 3943 711 3999 docent.
751 3946 898 4015 Postquam
918 3947 989 4000 enim
1008 3945 1171 3998 Phalaecum
1190 3945 1319 4012 pecunias
1340 3961 1428 3998 sacras

189 4035 289 4104 quibus
309 4034 531 4087 administrandis
551 4033 718 4088 Philomelus
738 4035 926 4103 magistratum
947 4035 1082 4105 quendam
1102 4036 1280 4103 praefecerat,
1299 4051 1379 4088 suum
1398 4035 1426 4087 in

191 4143 269 4180 usum
288 4126 417 4180 avertisse
436 4125 563 4190 narravit,
583 4139 637 4194 qua
657 4126 761 4179 ratione
780 4127 879 4196 reliqui
891 4127 1072 4180 Phocensium
1092 4126 1173 4179 duces
1194 4126 1331 4194 Apollinis
1351 4125 1429 4179 bonis

80 4217 84 4221 ’
189 4216 230 4270 usi
243 4215 300 4270 sint
313 4216 468 4270 summatim
482 4215 593 4284 exponit
605 4217 687 4284 atque
698 4216 889 4283 Philomelam,
903 4232 984 4286 quem
997 4233 1027 4270 ex
1038 4217 1149 4271 Diodori
1161 4217 1279 4270 auctoris
1293 4216 1430 4270 sententia

188 4306 316 4375 pecunias
339 4321 428 4360 sacras
453 4320 508 4359 non
532 4305 654 4374 attigisse
674 4306 740 4359 mihi
761 4309 864 4361 certum
884 4310 941 4373 est,
964 4307 1127 4379 ἀναθήμασιν
1146 4307 1310 4362 abstinuisse
1330 4306 1429 4361 diserte

189 4397 274 4451 affert.
882 4445 885 4454 ,

262 4483 282 4553 ⁷)
300 4488 426 4559 χρήματα
445 4487 515 4540 nihil
533 4487 587 4541 nisi
606 4488 734 4556 pecunias
754 4504 812 4543 esse
831 4489 944 4557 planum
962 4491 1017 4555 est,
1037 4488 1070 4543 ef.
1091 4486 1138 4553 23,
1160 4486 1191 4553 3,
1210 4487 1241 4553 43
1262 4485 1310 4551 24,
1330 4484 1359 4550 23
1383 4483 1427 4552 27,

191 4575 215 4642 3,
234 4577 264 4644 43
284 4577 329 4643 28,
349 4577 379 4645 2;
398 4575 441 4643 30,
463 4576 492 4643 1;
512 4576 555 4644 37,
576 4576 600 4633 2.
1390 4576 1395 4582 ·
