3314 5124
706 374 928 438 ..15-

193 552 274 620 libet
294 553 377 620 ratio
401 573 473 620 cum
496 552 613 620 scelere
636 521 696 618 illo
716 553 821 635 fuerit,
846 552 1130 619 vehementissimis
1154 552 1305 620 divinitus
1321 550 1440 639 suppli-

193 663 250 728 ciis
274 661 435 748 perculsos
459 681 536 728 esse.
578 659 694 739 Quodsi
718 660 887 727 Philomeli
904 660 1092 728 Onomarchi
1101 663 1125 747 ¹)
1142 661 1273 748 Phaylli
1288 660 1439 726 Phalaeci

193 770 297 834 exitus
323 769 364 835 ad
388 769 515 835 deorum
539 768 691 835 ultionem
715 769 992 836 demonstrandam
1014 770 1131 854 singuli
1155 770 1301 857 deinceps
1326 770 1441 836 descri-

170 877 320 962 huntur,
345 876 541 944 Philomelus
564 877 649 943 haud
672 878 765 944 dubie
788 879 821 943 in
844 877 1016 964 ἱεροσύλων
1039 899 1166 944 numero
1191 878 1364 945 aDiodoro
1388 877 1440 944 vel

194 987 262 1050 eius
286 991 413 1050 auctore
437 987 572 1072 ponitur.
608 983 737 1050 Minime
762 1005 834 1051 vero
858 983 1114 1071 cumHaak102)
1139 985 1236 1051 verba
1259 985 1275 1050 ὁ
1299 988 1357 1068 μὲν
1379 987 1439 1072 γὰρ

193 1094 387 1177 ἀρχιτέκτων
412 1092 675 1178 τηςκατοιληψεως
699 1095 753 1157 τοῖν
775 1091 860 1179 ἱεροῦ
883 1094 930 1158 ita
953 1095 1053 1180 premi
1075 1092 1162 1177 lieet,
1187 1097 1223 1159 ut
1245 1092 1440 1159 Philomelus

194 1219 233 1263 ex
256 1197 424 1284 ἳτροσὺλων
440 1201 591 1266 εοοίθλωλθ
607 1200 724 1266 diserte
740 1200 835 1266 eximi
850 1203 988 1287 putetur,
1012 1201 1068 1268 sed
1085 1201 1157 1275 τοὺς
1171 1206 1441 1288 προςαψαμσνους

194 1309 252 1392 τῆς
272 1306 447 1391 ἱεροσυλίας
466 1306 732 1374 Lacedaemonios
748 1307 968 1390 Athenionem,
993 1306 1200 1375 Phocensinm
1225 1308 1336 1375 ducum
1360 1330 1440 1374 mer-

194 1416 336 1481 cenarios
363 1414 593 1498 intellegendos
617 1435 684 1481 esse
708 1416 848 1502 quisquis
871 1436 897 1484 c.
922 1418 1054 1482 61-64
1082 1419 1148 1482 sine
1177 1418 1321 1503 opinione
1349 1438 1440 1503 prae

194 1509 324 1608 sumpta
347 1521 532 1608 perlegerit,
568 1521 720 1590 facillime
754 1522 929 1606 intelleget.
981 1523 1087 1611 Atque
1114 1524 1192 1590 haec
1220 1526 1439 1612 interpretatio

194 1632 300 1716 capite
317 1633 359 1697 30
377 1633 494 1716 optime
511 1630 722 1714 confirmatur,
747 1633 832 1698 ouius
849 1633 952 1699 verbis
967 1631 1180 1699 Philomelum
1195 1632 1351 1720 templum
1368 1654 1440 1720 spo-

195 1738 295 1804 liasse
319 1738 554 1804 evidentissime
577 1739 739 1822 evincitur,
763 1761 863 1826 neque
887 1741 990 1807 minus
1013 1762 1093 1827 quae
1111 1740 1149 1807 de
1164 1739 1295 1828 reliquis
1311 1740 1440 1808 ducibus

197 1849 231 1911 in
256 1847 405 1912 continua
429 1846 507 1912 belli
530 1834 709 1914 narratione
733 1850 797 1916 suis
812 1848 891 1914 loeis
907 1847 1033 1935 prolata
1048 1853 1130 1931 sunt,
1156 1869 1226 1915 cum
1243 1869 1268 1915 c.
1287 1852 1326 1914 61
1346 1848 1440 1935 plane

195 1955 406 2021 consentiunt.
447 1952 508 2020 Vix
531 1956 615 2021 enim
640 1956 835 2039 crediderim,
860 1955 972 2023 Paohii
995 1957 1233 2024 ratiocinatione
1256 1957 1441 2043 perductum

195 2083 387 2149 quemquam
400 2063 432 2128 in
445 2065 463 2148 ξ
477 2065 496 2127 2
510 2062 680 2130 offendere:
694 2064 923 2151 (Ὀνόμαρχος)
935 2065 1015 2147 μετὰ
1029 2068 1090 2128 τῶν
1101 2068 1442 2151 συμπαραταξαμένων

194 2171 229 2234 ἐν
248 2171 407 2252 Θετταλίᾳ
427 2174 563 2236 Φωκέων
585 2174 639 2236 καλ
660 2172 874 2259 μισθοφόρων
896 2173 1088 2248 κατακοπὲις
1103 2173 1301 2259 ἐσταυρώθη.
1337 2170 1443 2238 Verba

194 2281 279 2359 enim
304 2299 329 2344 e.
350 2280 403 2360 35,
420 2286 438 2342 6
463 2280 548 2354 τέλος
570 2279 606 2343 δὲ
630 2283 691 2344 τῶν
711 2284 845 2345 Φωκέων
868 2281 921 2344 καὶ
935 2281 1149 2367 μισθοφόρων
1164 2281 1369 2371 ἀνῃρέθησαν
1383 2283 1442 2365 μὲν

193 2385 285 2471 ὑπὲρ
302 2385 373 2459 τοὺς
395 2386 633 2467 ἑξακισχιλίους,
655 2387 691 2450 ἐν
713 2387 758 2462 οἷς
779 2387 820 2473 ἦν
842 2389 895 2452 καὶ
912 2386 1010 2463 αὒτὸς
1024 2389 1042 2452 ὁ
1058 2390 1228 2475 στρατηγὸς
1244 2391 1368 2454 omnino
1384 2410 1441 2456 nos

194 2496 321 2573 vetant,
356 2514 373 2559 e
401 2491 609 2579 Pausania³)‚
646 2495 732 2561 cuius
764 2493 911 2560 relationi
939 2494 1003 2560 Xe
1029 2494 1117 2562 Pack
1145 2497 1259 2561 mirum
1288 2501 1441 2582 quantum

195 2601 395 2668 auctoritatis
419 2601 460 2667 ad
476 2601 607 2668 Diodori
622 2602 726 2668 ‘fontes
743 2601 936 2686 indagandos
951 2603 1072 2684 tribuit,
1094 2602 1224 2669 Diodori
1241 2605 1337 2670 verba
1353 2626 1440 2686 sana,

195 2708 286 2793 nulla
310 2709 528 2777 emendatione
553 2711 678 2794 egentia
700 2715 823 2776 mutare
848 2712 942 2798 (μετὰ
966 2711 998 2776 in
1021 2710 1113 2797 ὑπὸ).
1151 2710 1231 2790 Quin
1246 2713 1342 2795 igitur
1358 2711 1441 2778 idem

195 2822 320 2898 auctor,
352 2817 452 2905 dequo
477 2839 502 2884 c.
529 2822 672 2901 28-33,
698 2821 832 2886 35-40
856 2818 1040 2906 desumpsit,
1066 2821 1180 2885 iterum
1204 2841 1224 2884 a
1247 2818 1385 2885 Diodoro
1408 2821 1442 2884 in

195 2947 286 2992 usum
322 2931 453 2992 vocatus
481 2927 538 3010 sit,
574 2927 712 2992 dubitari
740 2947 802 2993 non
831 2931 946 3014 potest.
994 2927 1056 2992 Sed
1084 2918 1149 2992 alia
1171 2929 1235 2993 tria
1258 2932 1442 3010 argumenta

195 3037 318 3115 extant,
343 3054 424 3119 quae
444 3054 506 3100 non
530 3033 631 3100 solum
655 3034 748 3101 illum
771 3039 930 3101 auctorem
954 3035 987 3101 in
1011 3035 1070 3101 heo
1093 3055 1216 3121 quoqne
1240 3041 1331 3122 parte
1351 3036 1442 3102 'usur-

195 3146 306 3227 patum
331 3161 410 3222 esse,
439 3141 495 3206 sod
519 3146 677 3208 auctorem
702 3164 722 3208 a
745 3163 769 3208 c.
797 3144 929 3208 56-60
953 3163 1079 3229 prorsus
1104 3143 1240 3209 alienum
1265 3143 1441 3208 adhibitum

196 3270 266 3315 esse
291 3250 372 3314 satis
395 3247 531 3315 dilucide
555 3250 719 3316 ostendere
743 3251 821 3316 mihi
844 3250 999 3317 videntur.
1039 3250 1181 3317 Primum
1205 3253 1288 3317 enim
1305 3251 1343 3317 de
1358 3250 1442 3316 Pha

195 3358 277 3425 laeci
301 3359 388 3423 exitu
410 3359 493 3424 inter
516 3380 541 3426 o.
569 3361 610 3424 59
636 3363 668 3426 et
692 3362 731 3424 61
759 3381 875 3443 magna
898 3359 1049 3426 dissensio
1074 3364 1132 3426 est.
1173 3359 1321 3444 Legimus
1342 3360 1440 3425 enim:

240 3469 273 3531 in
296 3486 323 3532 c.
350 3466 437 3548 ohe
891 3468 923 3532 in
947 3487 972 3533 c.
999 3470 1087 3550 61,4

241 3573 332 3648 οὗτος
354 3575 413 3655 μὲν
436 3574 644 3650 ὑπόσπονδος
666 3578 710 3650 εἰς
735 3577 792 3661 τὴν
890 3573 983 3650 οὗτος
996 3577 1057 3661 γὰρ
1073 3576 1153 3658 μετὰ
1175 3576 1231 3659 τὴν
1245 3575 1279 3637 ἐκ
1297 3577 1349 3659 τῆς
1365 3577 1440 3656 αἰχ-

195 3681 445 3766 Πελοπόννησον
484 3682 671 3768 ἀπεχώρησε
710 3684 789 3766 μετὰ
844 3684 1006 3765 putantur
1028 3683 1133 3767 φυγὴν
1147 3683 1227 3764 μετὰ
1244 3685 1305 3745 τῶν
1319 3687 1440 3764 μισθο-

197 3792 259 3851 τῶν
281 3785 493 3875 μισθοφόρων
515 3790 581 3853 κτλ.
845 3789 954 3877 φόρων
989 3791 1023 3853 τὸ
1057 3790 1116 3872 μὲν
1149 3793 1276 3875 πρῶτον
1307 3789 1459 3875 διέτριβεκ

529 3897 531 3902 ’
845 3899 918 3984 περὶ
942 3899 998 3983 την
1020 3895 1269 3981 Πελοπόννησον
1291 3897 1357 3960 κτλι

286 4001 480 4069 Phalaecum
504 4004 544 4070 ab
567 4025 628 4070 uno
652 3990 823 4092 eodemque
847 4009 973 4070 auctore
997 4003 1059 4069 alio
1083 4003 1152 4070 loco
1169 4007 1263 4094 pacto
1279 4024 1349 4070 cum
1364 4002 1440 4068 Phi-

196 4109 286 4198 lippo
303 4112 366 4176 icto
382 4110 679 4198 in'Poloponnesum
694 4114 857 4197 migrasse,
875 4113 938 4179 alio
954 4133 971 4178 e
987 4112 1174 4199 captivitate
1189 4112 1305 4195 fugisse
1321 4111 1439 4177 dictum

272 4383 290 4451 ¹)
311 4387 361 4440 Hic
381 4400 491 4456 quoque
510 4385 693 4441 Onomarchus
713 4387 857 4442 Philomeli
876 4388 958 4441 frater
977 4387 1045 4442 falso
1065 4389 1228 4456 appellatur.

270 4473 292 4542 ²)
312 4494 338 4546 p.
360 4477 403 4532 50.
455 4527 458 4530 .

269 4563 291 4634 ²)
312 4569 427 4620 ἐνταῦθα
446 4568 497 4622 ὑπὸ
514 4575 566 4622 τῶν
585 4573 750 4638 στρατιωτῶν
768 4570 956 4637 κατηκοντίσθη
976 4568 1026 4622 τῶν
1046 4570 1146 4622 οἰκείων
1164 4567 1217 4622 κτλ.
