3314 5124
671 379 892 446 -59.„

162 561 262 630 redire
286 562 316 628 ei
339 559 556 642 concedamus,
581 580 618 626 ec
641 545 725 647 quod
740 559 854 626 Suidas
871 561 928 647 (Ι),
953 559 1005 627 vel
1028 562 1235 643 auctoratus,
1258 566 1293 628 et
1315 559 1401 628 Zosi-

161 693 244 752 mus,
274 669 475 756 Anonymus‚
505 669 589 736 idem
612 667 726 735 Suidas
750 669 783 734 in
806 689 831 736 c.
857 669 921 751 III,
950 651 1081 756 quorum
1105 674 1248 738 auctores
1274 671 1315 736 ab
1343 669 1400 736 illo

91 841 96 860 ,
162 778 302 846 diuersos
324 779 420 845 luisse
444 778 477 844 in
501 779 611 864 aperto
635 781 694 858 est,
719 797 781 843 uno
805 775 976 864 eodemque
998 777 1091 844 modo
1115 776 1154 844 de
1177 776 1402 846 Demosthenis

161 891 262 952 morte
285 889 460 972 exponunt,
483 885 545 952 nisi
568 884 692 968 egregie
715 883 826 966 fallor,
854 889 1013 952 auctorem
1037 885 1194 972 quendam
1217 887 1312 952 fuisse
1336 891 1402 952 sta-

161 999 248 1061 tuere
272 995 422 1078 cogimur,
447 1015 468 1060 a
489 1013 551 1080 quo
574 990 664 1060 nulla
687 991 752 1060 ulia
771 995 883 1060 mortis
897 995 980 1060 ratio
996 993 1122 1081 prolata
1137 999 1216 1060 erat.
1256 993 1400 1076 Accedit,

162 1101 244 1189 qued
259 1101 376 1168 Suidae
399 1120 425 1167 c.
443 1100 493 1166 ΙΙΙ
516 1099 575 1166 illa
597 1099 636 1166 de
659 1104 761 1166 morte
785 1100 964 1188 narratione
987 1106 1120 1188 excepta
1141 1101 1221 1168 nibil
1245 1103 1310 1168 lere
1329 1123 1400 1169 cum

162 1211 264 1296 priore
281 1230 444 1276 commune
460 1209 646 1276 continetur.
682 1207 804 1274 Deinde
816 1207 979 1276 Plutarchi
997 1209 1107 1276 verba:
1131 1210 1279 1286 Πάππος
1293 1212 1330 1275 δέ
1345 1235 1401 1288 τις,

163 1317 199 1384 od
227 1319 284 1404 τὴν
310 1317 451 1404 {emptor
472 1313 661 1405 Ἕρμιππος
688 1317 841 1403 ἀνείληφε
869 1319 973 1386 nescio
1001 1317 1078 1404 quid
1105 1318 1192 1384 aliud
1224 1319 1401 1402 significent

162 1426 223 1494 nisi
245 1424 350 1513 Pappi
377 1428 569 1492 sententiam
597 1425 638 1492 ab
661 1425 835 1513 Hermippo
863 1447 920 1513 pro
947 1447 1006 1494 sua
1033 1425 1230 1494 venditatam
1253 1447 1321 1494 esse
1346 1428 1399 1513 (f.

163 1555 187 1601 c.
206 1535 253 1620 5).
293 1533 382 1602 Haec
404 1555 455 1600 me
478 1533 638 1601 adducunt
661 1539 849 1618 argumenta
867 1538 907 1600 ut
923 1555 943 1600 a
958 1534 1133 1602 doctissimi
1149 1536 1209 1602 viri
1224 1536 1402 1602 coniectura

163 1641 336 1724 discedam3
364 1662 465 1728 neque
494 1663 533 1708 ex
556 1641 730 1730 Hermippo
760 1644 829 1729 ipso
856 1663 956 1730 neque
985 1664 1024 1710 ex
1052 1643 1192 1730 epitoma
1216 1641 1402 1730 Hermippei

162 1750 234 1816 libri
258 1749 375 1816 Suidae
398 1751 534 1836 primum
558 1754 655 1837 caput
676 1752 812 1837 petitum
835 1771 904 1818 esse
927 1751 1006 1818 mihi
1030 1751 1162 1818 videtur.

252 1856 300 1924 Ea
322 1877 445 1944 queque
469 1857 529 1924 duo
553 1859 732 1942 fragmenta
755 1859 794 1926 de
817 1860 930 1946 quibus
954 1861 1018 1925 iam
1042 1859 1266 1946 disputandum
1291 1863 1355 1939 est,
1385 1880 1402 1925 e

162 1965 326 2034 Plutarchi
349 1967 417 2032 vita
440 1971 517 2033 ncta
539 1971 627 2048 sunt;
652 1987 784 2054 quorum
807 1969 910 2054 priore
926 1966 1072 2035 Aesicnis
1095 1967 1242 2036 iudicium
1267 1971 1307 2054 (c.
1332 1969 1401 2054 ll),

162 2095 232 2142 cum
255 2073 516 2160 praecedentibus
543 2074 647 2141 verbis
676 2079 744 2142 arte
773 2076 987 2156 coniunctum,
1017 2074 1056 2142 de
1084 2077 1115 2142 vi
1139 2075 1402 2144 Demosthenicac

162 2183 313 2250 orationis
337 2203 408 2248 cum
431 2186 464 2248 et
488 2183 716 2269 antiquioribus
740 2187 772 2248 et
795 2182 980 2269 aequalibus
1003 2184 1179 2251 oratoribus
1200 2187 1402 2270 comparatae

161 2291 307 2358 traditur.
348 2289 399 2357 Ad
424 2290 556 2358 eundem
579 2290 789 2378 Hermippum
812 2279 852 2357 Α.
878 2291 1028 2360 Schaeier
1044 2290 1191 2360 Aesicnis
1215 2312 1403 2359 commemo-

162 2401 317 2466 rationem
341 2420 422 2486 quae
446 2398 531 2486 apud
551 2399 681 2466 Suidam
705 2404 754 2468 est
775 2400 821 2487 (I)
845 2399 965 2466 retulit.
1004 2399 1151 2466 Alterum
1175 2401 1207 2466 in
1231 2421 1257 2466 c.
1284 2404 1325 2467 28
1350 2421 1403 2467 ex-

161 2511 225 2574 tat:
263 2507 304 2574 ad
327 2508 479 2576 Archiam
508 2509 661 2594 pertinet,
691 2529 785 2595 quem
807 2508 1000 2595 Hermippus
1022 2508 1157 2590 Lacriti,
1186 2509 1366 2576 Demetrius
1378 2511 1402 2596 ¹)

163 2615 368 2683 Anaximenis
391 2616 527 2682 rhetoris
549 2615 738 2704 discipulum
760 2617 855 2684 fuisse
871 2607 1049 2704 scripserat.
1089 2617 1244 2684 Demetrii
1261 2617 1403 2705 (Magne-

162 2725 219 2810 tis)
244 2725 413 2808 vestigium
436 2725 469 2792 iu
489 2723 618 2792 PsPlut.
644 2727 712 2792 vita
736 2728 812 2808 287,
839 2727 903 2792 152
927 2727 1162 2813 apertissimum
1185 2731 1248 2794 est:
1274 2727 1402 2813 ’Λρχίοιι

160 2831 197 2908 ὃς
219 2832 405 2919 παρέβαλεν
424 2833 623 2916 Ἀναξιμένει
648 2837 690 2917 τῷ
712 2833 830 2920 ῥήτορι.

252 2938 350 3005 Aliud
374 2944 469 3027 atque
493 2942 624 3006 maximi
647 2941 794 3028 ponderis
818 2943 1029 3026 fragmentum
1046 2942 1161 3010 Suidac
1185 2943 1289 3029 prima
1304 2945 1403 3028 parti-

163 3047 236 3116 cula
263 3049 418 3115 continet:
457 3049 609 3134 ἐπιμελὴς
635 3050 761 3132 μᾶλλον
788 3047 808 3135 ἢ
836 3049 967 3137 εὐφυὴς,
994 3051 1036 3126 ὡς
1057 3047 1244 3138 Ἕρμιππος
1278 3049 1403 3136 ἱστορεῖ,

115 3148 117 3152 ’
161 3155 214 3220 καὶ
237 3156 320 3242 πρὸς
343 3157 400 3231 τὰς
421 3155 539 3249 ἡδονὰς
561 3154 749 3234 ἀκόλαστος,
770 3157 813 3234 ὥς
834 3159 888 3220 καὶ
912 3158 1002 3224 τοῦτό
1028 3157 1156 3244 φησινὸ
1176 3157 1281 3232 αὐτὸς.
1320 3154 1403 3222 ὅθεν

162 3263 214 3326 καὶ
243 3267 313 3338 νέος
339 3260 384 3328 ὢν
412 3262 562 3338 Βάταλος
588 3262 724 3350 ἐκλήθη,
758 3263 799 3340 ὡς
826 3267 878 3330 καὶ
904 3270 1069 3346 γυναικείᾳ
1101 3266 1213 3351 ἐσθῆτι
1247 3262 1403 3340 πολλάκις

162 3370 369 3458 χρησάμενος,
387 3371 505 3458 Ἀργὰς
527 3372 562 3436 δὲ
585 3375 665 3455 μετὰ
690 3374 724 3436 τὸ
747 3374 779 3448 ἐς
802 3373 923 3460 ἄνδρας
947 3375 1080 3450 τελέσαι,
1102 3370 1183 3460 ὅπερ
1203 3373 1286 3440 ἐστὶν
1301 3373 1403 3456 ὄνομα

162 3480 311 3564 ὄφεωςῖ).
359 3479 398 3546 ef.
423 3478 537 3548 Aesch.
564 3480 595 3562 Ι,
620 3483 680 3565 31;
704 3481 751 3564 ΙΙ,
777 3485 830 3548 99.
878 3481 999 3550 Eadem
1023 3478 1327 3566 cognominis'illius
1351 3501 1403 3546 ex-

163 3586 294 3674 plicatio
318 3607 389 3654 cum
412 3587 478 3654 alia
500 3609 538 3654 ex
562 3589 671 3656 eodem
688 3589 844 3657 Aeschine
861 3590 902 3677 (I,
929 3591 1008 3676 126)
1024 3590 1127 3676 petita
1142 3590 1403 3675 interpretatione

164 3697 196 3762 in
219 3693 473 3762 PsPlutarchece
498 3699 582 3762 vitae
606 3695 709 3763 altera
731 3701 822 3784 parte
845 3699 1004 3764 invenitur
1027 3699 1102 3778 289,
1131 3699 1195 3762 203
1220 3718 1267 3783 sq.
1293 3697 1401 3784 (Phct.

165 3806 229 3870 495
252 3826 269 3861 a
292 3807 333 3870 31
360 3807 424 3892 sq.)
470 3802 661 3872 Plutarchus
684 3807 736 3892 (4)
765 3811 799 3872 ot
820 3805 972 3872 Libanius
1001 3809 1081 3886 294,
1113 3807 1154 3870 29
1184 3827 1230 3892 sq.
1261 3806 1402 3888 eandem,

165 4007 200 4015 -ο

240 4129 259 4198 ¹)
279 4132 442 4186 Demetrium
461 4149 545 4201 supra
563 4134 721 4188 Phalerenm
740 4134 954 4204 intellegendum
973 4149 1031 4190 esse
1050 4135 1108 4188 Car.
1123 4135 1235 4204 Mueller
1254 4131 1297 4199 (fr.
1317 4133 1344 4186 h.
1364 4150 1402 4202 gr.

164 4223 203 4289 11,
228 4219 309 4288 368),
328 4221 368 4274 vir
387 4222 483 4276 doctus
503 4224 521 4274 l.
542 4238 564 4276 c.
584 4237 611 4291 p.
634 4222 699 4288 125,
719 4224 766 4292 qui
785 4223 859 4293 quod
878 4224 961 4278 schol.
981 4223 1016 4276 ad
1035 4224 1130 4278 Aesch.
1151 4224 1190 4287 ΙΙ,
1210 4221 1241 4286 8,
1264 4222 1277 4275 1
1298 4223 1403 4287 attulit,

164 4313 233 4367 nihil
253 4313 353 4377 effecit,
379 4312 504 4366 Gebhard
523 4329 549 4380 p.
570 4313 601 4380 9,
628 4313 660 4366 10
680 4329 740 4366 cum
761 4313 794 4367 ob
814 4313 869 4368 alia
888 4317 947 4367 tum
966 4313 1077 4367 PsPlut.
1098 4314 1145 4366 vit.
1165 4311 1231 4377 287,
1260 4311 1310 4366 152
1333 4328 1403 4366 com·

165 4403 271 4470 paranti
291 4403 357 4456 mihi
377 4401 486 4457 minime
505 4404 695 4471 probaverunt.
728 4405 906 4458 Plutarchum
927 4419 979 4456 non
1000 4403 1089 4471 ipsum
1107 4402 1314 4470 discrepantiam
1328 4403 1403 4455 illam

167 4508 197 4546 ex
216 4493 354 4564 Hermippi
374 4496 401 4549 et
419 4494 549 4548 Demetrii
569 4494 646 4549 libris
666 4495 864 4563 exprompsisse·
880 4496 984 4549 certum
1003 4498 1051 4551 eat.

240 4579 261 4655 ¹)
282 4585 316 4638 ef.
336 4583 527 4656 Suidas,1‚p.
549 4583 610 4652 165,
631 4584 683 4640 693
703 4583 834 4655 (Horeb).
