3314 5124
737 379 958 446 ..gg-

224 559 311 639 Quae
336 560 440 642 verba,
466 561 589 628 etiamsi
614 581 711 646 supra
733 559 888 628 Demetrii
911 580 1025 626 nomen
1047 560 1263 641 comedamus,
1290 563 1363 646 post
1386 557 1468 626 Her-

224 669 323 756 mippi
347 672 486 734 aetatem
509 668 604 736 scribi
625 667 764 754 potuisse
781 669 906 734 omnino
922 668 1100 752 negandum
1117 673 1175 749 ost,
1200 672 1235 735 ut
1250 667 1289 734 de
1304 667 1469 736 levissima

223 774 385 861 Rocsigeri
410 780 456 864 (p.
475 779 533 863 36)
557 777 736 844 coniectura
758 780 893 859 taceam,
917 775 973 844 sed
997 779 1104 844 omnia
1123 777 1275 861 originem
1291 775 1468 863 Hermippo

225 885 417 971 superiorem
434 885 633 971 apertissime
650 888 799 968 arguunt:
829 885 1025 952 coacervatio
1042 884 1101 950 illa
1122 884 1284 950 nominum
1308 884 1362 970 (iis
1385 904 1468 970 quae

225 993 263 1059 de
287 992 426 1076 Hegesia
447 995 592 1060 novimus
615 993 795 1080 aptissima)
819 993 893 1060 indo
915 995 983 1062 sine
1006 992 1101 1060 dubio
1126 996 1196 1060 orta
1219 997 1278 1074 est,
1302 991 1387 1078 quod
1404 991 1468 1058 De·

223 1099 404 1168 mosthenes
428 1122 568 1168 summus
591 1105 686 1188 atque
710 1101 956 1187 perfectissimus
979 1105 1086 1168 orator
1112 1122 1152 1166 ex
1180 1121 1288 1166 eorum
1316 1100 1370 1186 qui
1398 1103 1468 1166 tum

223 1208 360 1276 Athenis
375 1209 408 1274 in
424 1206 634 1295 philosophia,
659 1208 692 1273 in
708 1206 853 1295 populari
870 1207 1059 1296 eloquentia,
1083 1210 1116 1274 in
1132 1208 1276 1275 doctrina
1297 1207 1466 1290 rhetorica,

223 1319 257 1384 in
277 1318 396 1403 privati
416 1317 493 1383 iuris
515 1316 648 1382 scientia
664 1316 872 1399 excellebant,
896 1317 1094 1384 institutione
1110 1315 1262 1402 prodiisse
1278 1315 1465 1399 fingebatur.

224 1425 418 1512 Hermippus
434 1426 563 1512 primus,
587 1429 624 1490 nt
639 1424 772 1507 videtur,
798 1425 946 1492 Isocratis
962 1424 1161 1511 disciplinam
1177 1424 1295 1506 reiecit,
1319 1422 1466 1490 Platonis

223 1539 256 1600 θῖ
279 1534 361 1602 lsaei
386 1533 480 1600 certis
504 1532 692 1619 quibusdam
715 1533 909 1619 temporibus
933 1533 1123 1616 assignavit,
1151 1552 1253 1619 neque
1281 1529 1379 1598 aliam
1403 1531 1467 1598 De-

224 1643 356 1708 metrius
378 1641 508 1724 Magnes
531 1641 699 1728 protulisse
723 1640 848 1708 videtur
871 1642 1076 1724 sententiam,
1105 1641 1339 1728 quodquidam
1367 1661 1384 1706 e
1408 1639 1466 1708 Ps-

223 1748 388 1816 Plutarchi
411 1749 515 1816 verbis
539 1752 619 1832 281,
645 1752 664 1816 b
689 1751 864 1818 necessario
888 1751 1101 1836 consequitur,
1131 1769 1211 1836 qnae
1234 1751 1262 1816 si
1284 1749 1466 1817 Demetrius

224 1857 264 1924 ab
280 1856 449 1944 Hermippi
464 1858 622 1924 sententia
638 1856 844 1940 discessisset,
866 1856 941 1944 quid
956 1857 1018 1924 sibi
1033 1856 1163 1938 vellent,
1188 1857 1354 1924 obscurinn
1371 1861 1464 1924 esset.

222 1965 271 2032 De
288 1963 499 2032 Plutarcbeae
515 1966 706 2032 narrationis
722 1967 763 2052 (c.
783 1967 819 2051 5)
836 1969 962 2032 auctore
984 1965 1064 2032 nihil
1087 1965 1166 2032 certi
1189 1964 1320 2031 iudicari
1342 1968 1465 2052 potest3

224 2074 264 2140 ab
281 2073 420 2158 Hegesia
443 2094 480 2140 eo
504 2095 600 2160 quam
620 2075 757 2140 maxime
777 2073 893 2156 differt,
917 2074 1001 2161 quod
1016 2072 1265 2142 Demosthenem
1280 2095 1351 2141 cnm
1368 2075 1465 2140 etium

223 2184 255 2250 in
278 2187 418 2249 tutorum
441 2203 538 2248 manu
561 2186 645 2249 esset
667 2181 748 2248 lsaei
773 2183 972 2250 institutione
992 2181 1148 2249 imbutum
1165 2203 1233 2250 esse
1249 2169 1319 2249 cunr
1335 2182 1466 2269 reliquis

139 2283 147 2300 ³
222 2291 298 2358 vitis
328 2289 549 2356 convenienter
577 2290 715 2376 exponit.
768 2290 879 2376 ltaque
907 2289 1058 2374 Rocsiger
1085 2293 1131 2376 (p.
1162 2291 1236 2376 38),
1272 2287 1356 2376 quod
1387 2311 1413 2357 e.
1445 2291 1464 2355 5

223 2399 320 2466 verba
348 2401 409 2462 rire
433 2435 473 2446 -
499 2397 661 2484 ὀρφανίαν
689 2418 759 2465 curn
787 2398 886 2466 Suida
912 2421 938 2466 s.
967 2419 996 2466 v.
1021 2399 1134 2474 Ἰσαῖος
1164 2396 1283 2466 collata
1310 2397 1466 2465 Demetrii

223 2494 292 2575 esse
321 2507 469 2589 coniecit,
499 2527 537 2574 ox
567 2506 677 2572 eodem
699 2505 862 2574 Demetrio
886 2506 1050 2574 Plutarchi
1078 2507 1116 2574 de
1141 2506 1328 2574 Callistrato
1357 2527 1466 2572 narra-

222 2618 342 2684 tionem
357 2617 496 2703 repetiit‚
521 2637 626 2683 secum
642 2617 816 2702 pugnantia
832 2618 955 2682 statuit.
994 2615 1201 2684 Plutarchum
1217 2615 1298 2682 nihil
1318 2614 1464 2682 attulisse

223 2724 306 2811 quod
329 2744 392 2790 non
415 2725 447 2789 in
471 2724 557 2789 fonte
580 2743 636 2789 suo
660 2725 829 2806 invenerit,
859 2728 892 2789 et
915 2745 971 2811 per
993 2745 1026 2790 se
1051 2723 1213 2811 probabile
1237 2728 1287 2790 est
1310 2727 1344 2788 et
1371 2743 1389 2788 θ
1411 2722 1465 2790 Li·

225 2832 311 2899 banii
334 2833 402 2898 vita
426 2834 517 2918 (294,
543 2834 584 2898 37
609 2834 673 2918 sq.)
697 2833 777 2898 satis
800 2833 999 2919 perspicuum
1024 2836 1073 2898 est
1084 2833 1117 2917 ¹).
1157 2831 1206 2898 De
1221 2831 1319 2899 Suida
1335 2831 1381 2918 (Ι)
1405 2831 1465 2898 hoc

222 2962 319 3008 unum
342 2944 476 3023 constat,
502 2945 672 3008 auctorem>
686 2941 726 3008 ab
750 2940 889 3026 Hegesia
912 2940 1070 3008 diversum
1094 2941 1271 3008 adhibitum
1295 2960 1363 3008 esse
1371 2941 1408 3025 ²).

314 3049 363 3115 De
386 3053 488 3116 morte
512 3049 735 3116 Demosthenis
758 3050 985 3137 Hermippeam
1009 3050 1198 3115 sententiam
1219 3047 1409 3116 Plutarchus
1433 3049 1465 3114 in

223 3179 249 3225 c.
268 3160 312 3224 30
333 3157 481 3223 servavit.
522 3156 674 3224 Narravit
688 3157 881 3244 Hermippus
896 3155 1007 3243 Pappo
1022 3156 1159 3243 quodam
1176 3161 1313 3239 auctore,
1338 3155 1464 3222 aliunde

223 3285 286 3331 non
301 3269 388 3347 noto,
404 3264 652 3332 Demosthenem
668 3287 787 3333 veneno
804 3265 955 3332 exhausto
972 3263 1056 3352 apud
1068 3265 1207 3352 Neptuni
1225 3286 1313 3330 aram
1326 3265 1465 3330 animam

224 3377 392 3461 expirasse,
417 3394 512 3460 quarn
535 3372 724 3441 relationem
747 3394 817 3440 curn
842 3373 914 3439 aliis
938 3373 977 3440 de
996 3374 1220 3440 Demosthenis
1243 3377 1345 3438 morte
1368 3373 1465 3440 variis

223 3473 388 3548 sententiis
417 3482 605 3548 coniunctim
633 3483 666 3547 in
694 3481 895 3568 Hermippeis
926 3486 1005 3565 βίοις
1040 3483 1182 3548 extitisse
1211 3479 1251 3547 A.
1281 3479 1464 3565 Schaeier³)

223 3590 364 3656 coniecit.
405 3591 528 3656 Statuit
550 3591 633 3656 enim
658 3611 687 3656 v,
713 3591 755 3673 d,
780 3595 812 3657 et
827 3589 985 3657 Zosimum
1009 3596 1043 3656 et
1058 3590 1261 3676 Anonymum
1285 3593 1318 3655 et
1333 3588 1465 3656 Suidam

163 3681 173 3700 ⁶
223 3697 254 3783 (l
277 3701 312 3762 et
327 3697 403 3782 ΙΙΙ),
426 3717 505 3784 quos
529 3697 567 3764 de
591 3703 693 3764 morte
714 3697 936 3764 Demosthenis
960 3698 1070 3764 eadem
1093 3698 1263 3764 traditione
1285 3697 1347 3763 niti
1370 3718 1465 3783 supra

222 3803 358 3871 vidimus
388 3809 433 3893 (p.
465 3809 538 3893 52),
575 3827 613 3872 ex
641 3805 817 3894 Hermippo
847 3807 1003 3872 communi
1038 3805 1124 3871 fonte
1159 3805 1309 3884 hausisse.
1364 3803 1464 3882 Quam

223 3914 434 3980 coniecturam
450 3914 581 4002 reliquis
597 3919 759 4002 acceptam
775 3917 904 3981 minime
920 3914 999 3980 mihi
1014 3913 1169 4000 probavit.
1209 3909 1352 3978 Primum
1368 3913 1463 3996 enim,

223 4022 350 4088 etiamsi
373 4022 510 4108 primam
525 4023 640 4090 Suidae
662 4022 853 4110 particulam
869 4021 1135 4108 aul-Hermippum
1150 4021 1323 4088 maximam
1339 4023 1464 4108 partem

299 4221 320 4290 ¹)
340 4223 514 4278 Communem
534 4224 672 4280 Plutarchi
694 4227 723 4279 et
741 4225 845 4280 libanii
872 4226 1008 4278 auctorem
1029 4224 1203 4292 Hermippum
1229 4239 1287 4278 esee
1306 4223 1384 4276 Blaes
1404 4221 1464 4288 (ΙΙΙ,

226 4313 1206 4388 Lplzrmttbsineullaprobabiiicausasuspioatusest.¹

296 4400 317 4470 Ι)
338 4405 499 4469 Volkmann,
519 4406 537 4458 l.
558 4421 581 4459 e.
600 4421 626 4472 p.
643 4405 685 4471 14,
705 4405 860 4460 Ruhnkenii
879 4403 1006 4472 opinione
1024 4405 1147 4471 probata,
1167 4401 1264 4457 Suidae
1277 4401 1464 4458 brevissimam

224 4493 257 4549 de
276 4494 432 4549 Callistrato
451 4495 576 4549 notitiem
595 4495 731 4550 Demetrio
750 4495 867 4564 Magneti
885 4492 990 4549 tribuit.

296 4579 319 4657 ⁸)
338 4585 369 4639 ln
388 4584 486 4646 Philol.
506 4586 527 4646 t
547 4585 594 4652 IV,
612 4601 638 4662 p.
658 4584 721 4646 430.
