3314 5124
641 341 779 456 4:35
828 426 868 442 .-

11 573 12 595 ³
134 566 301 637 tarcheuru
329 562 488 654 integrum
517 566 624 642 locum
651 570 780 635 omnino
793 569 955 637 'Demetrii
976 569 1125 638 :Phalerei
1151 591 1265 639 nomen
1291 571 1377 640 exhi·

10 663 11 732 3
136 680 251 746 baisse
264 679 344 744 mihi
366 699 428 744 non
452 681 584 782 constat-
600 679 786 764 praesertim
807 699 890 760 oum,
915 679 943 745 si
958 681 1028 766 quis
1042 679 1344 747 PhotiiPseudo-Pl
1364 691 1398 732 -‘

9 793 10 814 ¹
131 787 267 854 tarchea
302 788 399 854 verba
432 787 549 874 partim
578 787 703 872 brevius
721 788 848 873 ⁴partim
878 787 1003 868 uberius
1034 788 1193 854 reddentis
1223 791 1379 854 rationem

135 895 339 977 intellexerit,
366 894 516 962 Photium
540 895 579 960 de
601 893 757 960 Eubulide
781 893 865 980 quod
887 894 1191 980 protulitiudicium
1213 897 1317 983 ipsum
1341 897 1378 964 de

134 1025 191 1072 suo
216 1005 319 1070 obiter
341 1003 486 1070 intulisse
502 1004 556 1068 vix
572 1003 615 1068 sit
630 1003 769 1068 futurum
780 1001 1003 1069 utSchaefero
1020 1004 1179 1070 concedet.
1218 1005 1379 1070 interdum

135 1111 450 1180 Pseudo-Plutarchi
483 1111 581 1176 verba
615 1109 706 1197 apud⁴
726 1108 875 1176 Photium
910 1112 1103 1199 corruptelas
1140 1117 1269 1200 experta
1296 1119 1380 1197 sunt,

136 1220 226 1288 velut
248 1219 341 1286 Phot.
357 1222 432 1286 :492
453 1221 529 1284 eat
554 1219 623 1284 ὅδὲ
637 1219 939 1293 Ἰσαῖος-Πλάτωνα
960 1221 1016 1284 τὸν
1032 1221 1212 1305 φιλόσοφον
1236 1221 1379 1309 (PsPlnt.

137 1332 213 1412 aar,
233 1330 348 1414 aa),
373 1331 534 1394 494a19
558 1328 761 1414 Δημοτελοῦς
782 1331 815 1393 sc
830 1349 859 1394 v.
878 1330 919 1392 ar
936 1324 1091 1393 Actaeos
1107 1348 1163 1416 pro
1179 1331 1384 1414 decoctave
1490 1327 1493 1332 ·

138 1436 283 1526 (PsPlut.
307 1458 336 1502 v.
362 1439 441 1522 loc)
458 1457 480 1502 e
514 1435 661 1500 Διώνδου
681 1438 725 1522 (v.
745 1437 835 1521 109).
877 1434 994 1502 Contra
1009 1441 1042 1502 et
1057 1434 1265 1503 PsPlutarohi
1288 1441 1381 1525 (286,

140 1548 220 1632 126)
245 1548 279 1610 et
296 1542 409 1624 ¹Photii
434 1546 515 1630 (494
535 1545 633 1628 ³38)
657 1542 732 1608 libri
754 1545 931 1630 Προκλέους
954 1543 1111 1611 exhibent.

230 1651 330 1734 Haeo,
354 1657 390 1718 ut
413 1651 478 1717 alia
499 1650 603 1717 multa
626 1653 786 1734 emim,
816 1653 972 1738 imprimis
993 1653 1134 1719 notanda
1157 1654 1196 1720 de
1220 1655 1385 1721 verborum

140 1764 281 1848 ipsorum
303 1761 440 1842 ratione,
460 1760 652 1846 ¹priusquam
676 1759 717 1825 ad
744 1760 1002 1845 compositionem
1030 1759 1384 1845 Pseudo-Plutaroheae

133 1871 226 1936 ..urae
251 1867 470 1948 excutiendam
493 1887 544 1932 me
568 1870 701 1949 vertam,
726 1867 959 1953 praemittenda
982 1869 1113 1934 censui
1137 1867 1237 1947 Quen
1259 1869 1300 1936 ad
1316 1891 1386 1957 per-

137 1976 335 2064 spiciendam
352 1975 610 2062 compositionem
626 1975 765 2042 acerbis
782 1977 857 2056 288,
881 1977 946 2040 202
962 1976 1209 2062 proficiscemur:
1235 1983 1386 2065 φέρονται

135 2085 172 2156 ,δ’
188 2086 289 2150 abrah
312 2083 401 2163 λόγοι
422 2084 544 2168 γνήσιοι
568 2086 602 2159 ξέ
623 2104 716 2169 quae,
740 2103 932 2170 quamquam
953 2083 1065 2149 turbae
1086 2081 1245 2151 iariarum
1260 2085 1387 2152 adora

143 2197 247 2259 torem
275 2191 500 2289 pertinentium
528 2211 632 2257 rerum
660 2192 887 2277 incompositae
909 2192 1033 2258 intexta
1052 2196 1143 2275 sunt,
1173 2193 1214 2260 ad
1237 2195 1388 2278 originem

144 2303 231 2370 vitae
258 2297 516 2382 intellegendam
549 2299 658 2382 magni
684 2300 838 2378 momenti
865 2320 932 2365 esse
961 2299 1039 2365 mihi
1067 2299 1225 2374 videntur.¹
1263 2301 1390 2369 ¹Auctor

140 2410 227 2478 enim
260 2405 569 2476 ,PsPlutarchearnm
610 2407 747 2492 vitarum
790 2407 947 2474 constanti
985 2408 1050 2473 fere
1088 2430 1148 2474 usu
1174 2413 1279 2495 *atque
1319 2431 1389 2476 cum

142 2516 259 2592 ¹Photio
289 2516 354 2581 fere
382 2515 603 2583 convenienter
630 2512 763 2596 ungulis
779 2515 939 2600 ‚cuiusque
967 2517 1101 2582 oratoris
1129 2517 1221 2582 rebus
1245 2519 1390 2584 continue

148 2625 301 2692 enarratis
324 2626 368 2688 et
402 2621 454 2690 uel
476 2626 578 2688 morte
605 2621 658 2688 vel
686 2623 855 2709 sepultura*
875 2623 928 2689 vel
955 2623 1123 2690 honoribus
1147 2625 1312 2712 descriptis
1335 2649 1391 2692 nu-

150 2733 467 2801 memorationem
490 2733 572 2796 etsi
599 2751 679 2817 quae
699 2729 773 2798 ¹alia
799 2733 919 2818 scripta
939 2736 1012 2798 sunt
1035 2732 1173 2800 breviter
1204 2735 1389 2817 significare,

148 2842 337 2929 aliquotiens
373 2839 470 2906 etiam
505 2838 544 2904 de
579 2859 691 2922 genere
727 2839 851 2905 dicendi
886 2839 1018 2927 aliisque
1035 2841 1226 2908 ..rhetoricas
1241 2843 1392 2908 Lration'es

147 2948 364 3038 spectantibus
386 2945 539 3014 nonnulla
562 2967 744 3033 expromere
767 2947 859 3028 solet,
885 2965 964 3034 quaa
986 2950 1019 3014 in
1034 2946 1141 3014 Photii
1156 2951 1294 3034 vitarum
1310 2950 1393 3036 prio-

147 3059 233 3126 ribus
254 3055 406 3146 ,partibus
434 3076 504 3122 cum
532 3053 605 3121 aliis
633 3055 805 3123 rhetorum,
823 3056 949 3143 placitis
978 3059 1148 3124 coniuncta
1164 3061 1279 3124 itemm
1303 3060 1418 3132 nobis„

149 3168 334 3236 occurrunt
370 3162 477 3249 Atque
501 3163 546 3230 sic
569 3163 683 3244 sentio,
710 3183 817 3230 omnes
840 3164 924 3246 illas,
950 3187 1028 3251 quas
1051 3165 1144 3230 modo
1168 3166 1313 3248 indicavi,
1338 3186 1393 3231 no-

149 3276 238 3342 titias
261 3293 325 3338 non
348 3293 472 3359 semper
497 3293 567 3338 cum
590 3293 684 3358 quern
699 3270 1180 3358 nuncinPseudo-Plutarcheis
1196 3275 1270 3340 vitis
1285 3278 1394 3339 tenent

143 3379 444 3471 ,locumshabuissa
473 3379 530 3446 sed
557 3379 732 3465 apristino
763 3381 950 3467 proprioque
978 3379 1047 3446 loco
1075 3381 1116 3446 ab
1139 3401 1200 3446 uno
1224 3381 1393 3467 eodemque

142 3491 305 3576 nsomptorc
328 3491 432 3554 motas
445 3488 491 3552 in
511 3487 572 3552 fine·
595 3485 790 3570 singularum
813 3489 958 3554 vitarum.
973 3491 1064 3575 quasi
1079 3479 1235 3555 clausulas
1251 3495 1395 3576 transpo-

151 3587 233 3666 sitas
255 3616 323 3664 esse
335 3597 370 3680 ¹).
407 3593 538 3660 Videtur
561 3595 644 3666 enim
661 3614 773 3681 corpus
789 3595 1050 3665 vitarumdecem
1067 3597 1394 3680 oratorumextitisse,

152 3727 241 3794 quae.
262 3703 405 3787 singulae
434 3703 571 3789 primum
595 3705 755 3768 oratorum
778 3703 897 3789 scripte
920 3704 1160 3786 enumerabant,
1189 3704 1304 3770 iudicia
1326 3705 1397 3770 rhe-

152 3817 253 3882 torica
288 3810 512 3892 conectebant,
540 3809 867 3896 :deincecemporum
895 3810 1003 3879 ordine
1030 3831 1194 3897 rerumque
1223 3813 1302 3877 serie
1330 3811 1397 3898 ple·
1502 3825 1506 3832 “

144 3942 285 4008 cumque
313 3923 465 4005 quantum
495 3919 563 3984 ficri
590 3922 718 4004 poterat
741 3918 909 4002 diligenter
933 3919 1215 3986 observatis-vitas
1239 3924 1397 3985 oratorum

148 4029 357 4103 ,enarrabant
406 4027 464 4094 Ex·
482 4028 542 4096 hoc
574 4029 749 4115 archetypo
786 4029 927 4115 (uthoc
954 4027 1170 4114 appellatione
1198 4030 1289 4114 utar)
1318 4028 1398 4094 duae

149 4137 295 4212 iamiliec
319 4141 538 4220 manaverunt,
551 4156 695 4222 ¹quarum
718 4137 822 4222 priore
845 4135 920 4202 ordo
941 4135 997 4202 ille
1013 4136 1123 4203 multis
1138 4139 1265 4203 insertis
1281 4138 1398 4223 partim

231 4409 250 4477 ¹)
272 4410 501 4464 Burclrhardtium
520 4423 628 4478 quoque
646 4409 674 4461 in
695 4409 815 4462 numeris
835 4367 987 4464 orationum
1005 4409 1059 4463 tere
1079 4409 1180 4476 ubique
1200 4409 1292 4463 eodem
1318 4408 1395 4462 modo

158 4503 288 4590 expressis
307 4501 424 4555 haesisse
442 4516 515 4554 nunc
533 4499 609 4553 video
624 4496 744 4565 (Caecilii
758 4498 826 4552 rhet.
842 4499 872 4553 tr.
887 4501 948 4552 coll.
962 4499 1031 4567 disp.
1045 4514 1140 4556 comm.
1171 4500 1292 4554 Basileae
1309 4498 1392 4564 186&

157 4592 258 4661 Pschoi·
293 4643 297 4649 .
358 4645 366 4652 ..
414 4617 435 4647 .’
497 4617 527 4645 ·,
567 4615 579 4632 ”
679 4619 712 4642 ι’
1006 4609 1009 4615 ‘

1147 4695 1182 4750 a·
