<?xml version="1.0" encoding="UTF-8"?>
<!DOCTYPE html PUBLIC "-//W3C//DTD XHTML 1.0 Transitional//EN"
    "http://www.w3.org/TR/xhtml1/DTD/xhtml1-transitional.dtd">
<html xmlns="http://www.w3.org/1999/xhtml" xml:lang="en" lang="en">
 <head>
  <title>
</title>
<meta http-equiv="Content-Type" content="text/html;charset=utf-8" />
  <meta name='ocr-system' content='tesseract 3.04.00' />
  <meta name='ocr-capabilities' content='ocr_page ocr_carea ocr_par ocr_line ocrx_word'/>
</head>
<body>
  <div class='ocr_page' id='page_1' title='image "./defontibusdemos00sturgoog_0049.png"; bbox 0 0 3314 5124; ppageno 0'>
   <div class='ocr_carea' id='block_1_1' title="bbox 773 351 994 428">
    <p class='ocr_par' dir='ltr' id='par_1_1' title="bbox 773 351 994 428">
     <span class='ocr_line' id='line_1_1' title="bbox 773 351 994 428; baseline -0.009 -16"><span class='ocrx_word' id='word_1_1' title='bbox 773 351 994 428; x_wconf 72' lang='lat'>-40..</span> 
     </span>
    </p>
   </div>
   <div class='ocr_carea' id='block_1_2' title="bbox 265 539 1510 954">
    <p class='ocr_par' dir='ltr' id='par_1_2' title="bbox 265 539 1510 954">
     <span class='ocr_line' id='line_1_2' title="bbox 266 539 1510 630; baseline -0.003 -20"><span class='ocrx_word' id='word_1_2' title='bbox 266 541 384 611; x_wconf 91' lang='lat' dir='ltr'>viribus</span> <span class='ocrx_word' id='word_1_3' title='bbox 419 541 650 610; x_wconf 80' lang='lat' dir='ltr'>illustrandam.</span> <span class='ocrx_word' id='word_1_4' title='bbox 709 541 789 609; x_wconf 87' lang='lat' dir='ltr'><strong>Post</strong></span> <span class='ocrx_word' id='word_1_5' title='bbox 822 539 1095 608; x_wconf 87' lang='lat' dir='ltr'>Westermannum</span> <span class='ocrx_word' id='word_1_6' title='bbox 1106 543 1129 627; x_wconf 88' lang='lat'>¹)</span> <span class='ocrx_word' id='word_1_7' title='bbox 1165 541 1350 627; x_wconf 78' lang='lat' dir='ltr'>Roesiger2)</span> <span class='ocrx_word' id='word_1_8' title='bbox 1386 539 1510 630; x_wconf 90' lang='lat' dir='ltr'>primus</span> 
     </span>
     <span class='ocr_line' id='line_1_3' title="bbox 266 649 1510 737; baseline -0.003 -19"><span class='ocrx_word' id='word_1_9' title='bbox 266 653 417 718; x_wconf 90' lang='lat' dir='ltr'>maiorem</span> <span class='ocrx_word' id='word_1_10' title='bbox 440 671 547 718; x_wconf 86' lang='lat' dir='ltr'>euram</span> <span class='ocrx_word' id='word_1_11' title='bbox 570 652 600 716; x_wconf 90' lang='lat' dir='ltr'>ei</span> <span class='ocrx_word' id='word_1_12' title='bbox 623 651 788 737; x_wconf 78' lang='lat' dir='ltr'>impendit,</span> <span class='ocrx_word' id='word_1_13' title='bbox 812 651 876 736; x_wconf 93' lang='lat' dir='ltr'>qui,</span> <span class='ocrx_word' id='word_1_14' title='bbox 901 669 1093 736; x_wconf 88' lang='lat' dir='ltr'>quamquam</span> <span class='ocrx_word' id='word_1_15' title='bbox 1116 649 1283 736; x_wconf 87' lang='lat' dir='ltr'>plerasque</span> <span class='ocrx_word' id='word_1_16' title='bbox 1304 670 1412 716; x_wconf 88' lang='lat' dir='ltr'>earum</span> <span class='ocrx_word' id='word_1_17' title='bbox 1428 669 1510 734; x_wconf 86' lang='lat' dir='ltr'>quas</span> 
     </span>
     <span class='ocr_line' id='line_1_4' title="bbox 266 757 1510 848; baseline -0.002 -22"><span class='ocrx_word' id='word_1_18' title='bbox 266 761 371 848; x_wconf 81' lang='lat' dir='ltr'>posuit</span> <span class='ocrx_word' id='word_1_19' title='bbox 394 761 568 826; x_wconf 85' lang='lat' dir='ltr'>sententias</span> <span class='ocrx_word' id='word_1_20' title='bbox 591 759 720 824; x_wconf 90' lang='lat' dir='ltr'>minime</span> <span class='ocrx_word' id='word_1_21' title='bbox 743 757 822 824; x_wconf 91' lang='lat' dir='ltr'>mihi</span> <span class='ocrx_word' id='word_1_22' title='bbox 846 757 1003 844; x_wconf 80' lang='lat' dir='ltr'>probavit,</span> <span class='ocrx_word' id='word_1_23' title='bbox 1027 762 1145 840; x_wconf 84' lang='lat' dir='ltr'>tamen,</span> <span class='ocrx_word' id='word_1_24' title='bbox 1170 757 1254 844; x_wconf 91' lang='lat' dir='ltr'>quod</span> <span class='ocrx_word' id='word_1_25' title='bbox 1273 759 1452 844; x_wconf 89' lang='lat' dir='ltr'>quaestioni</span> <span class='ocrx_word' id='word_1_26' title='bbox 1469 757 1510 824; x_wconf 87' lang='lat' dir='ltr'>dc</span> 
     </span>
     <span class='ocr_line' id='line_1_5' title="bbox 265 863 1510 954; baseline -0.002 -19"><span class='ocrx_word' id='word_1_27' title='bbox 265 870 333 935; x_wconf 85' lang='lat' dir='ltr'>vita</span> <span class='ocrx_word' id='word_1_28' title='bbox 360 867 418 933; x_wconf 91' lang='lat' dir='ltr'>illa</span> <span class='ocrx_word' id='word_1_29' title='bbox 448 869 574 954; x_wconf 90' lang='lat' dir='ltr'>eiusque</span> <span class='ocrx_word' id='word_1_30' title='bbox 604 866 743 933; x_wconf 83' lang='lat' dir='ltr'>fontibus</span> <span class='ocrx_word' id='word_1_31' title='bbox 771 885 827 952; x_wconf 91' lang='lat' dir='ltr'>pro</span> <span class='ocrx_word' id='word_1_32' title='bbox 855 886 911 932; x_wconf 88' lang='lat' dir='ltr'>suo</span> <span class='ocrx_word' id='word_1_33' title='bbox 939 865 1053 932; x_wconf 88' lang='lat' dir='ltr'>iudicio</span> <span class='ocrx_word' id='word_1_34' title='bbox 1081 866 1185 932; x_wconf 90' lang='lat' dir='ltr'>lucem</span> <span class='ocrx_word' id='word_1_35' title='bbox 1217 865 1359 952; x_wconf 82' lang='lat' dir='ltr'>aliquam</span> <span class='ocrx_word' id='word_1_36' title='bbox 1395 863 1510 932; x_wconf 85' lang='lat' dir='ltr'>afferre</span> 
     </span>
    </p>
   </div>
   <div class='ocr_carea' id='block_1_3' title="bbox 267 972 1641 1060">
    <p class='ocr_par' dir='ltr' id='par_1_3' title="bbox 267 972 1641 1060">
     <span class='ocr_line' id='line_1_6' title="bbox 267 972 1641 1060; baseline -0.004 -16"><span class='ocrx_word' id='word_1_37' title='bbox 267 977 398 1058; x_wconf 92' lang='lat' dir='ltr'>studuit,</span> <span class='ocrx_word' id='word_1_38' title='bbox 422 996 484 1042; x_wconf 89' lang='lat' dir='ltr'>non</span> <span class='ocrx_word' id='word_1_39' title='bbox 507 977 574 1042; x_wconf 89' lang='lat' dir='ltr'>siue</span> <span class='ocrx_word' id='word_1_40' title='bbox 598 975 691 1041; x_wconf 87' lang='lat' dir='ltr'>laude</span> <span class='ocrx_word' id='word_1_41' title='bbox 714 974 923 1041; x_wconf 89' lang='lat' dir='ltr'>nominandus</span> <span class='ocrx_word' id='word_1_42' title='bbox 947 976 1006 1040; x_wconf 89' lang='lat' dir='ltr'>est.</span> <span class='ocrx_word' id='word_1_43' title='bbox 1047 972 1151 1040; x_wconf 86' lang='lat' dir='ltr'>Meam</span> <span class='ocrx_word' id='word_1_44' title='bbox 1174 975 1239 1041; x_wconf 89' lang='lat' dir='ltr'>iam</span> <span class='ocrx_word' id='word_1_45' title='bbox 1262 975 1511 1060; x_wconf 78' lang='lat' dir='ltr'>perscripseram</span> <span class='ocrx_word' id='word_1_46' title='bbox 1640 1041 1641 1048; x_wconf 7' lang='grc' dir='ltr'>χ</span> 
     </span>
    </p>
   </div>
   <div class='ocr_carea' id='block_1_4' title="bbox 267 1079 1512 1495">
    <p class='ocr_par' dir='ltr' id='par_1_4' title="bbox 267 1079 1512 1495">
     <span class='ocr_line' id='line_1_7' title="bbox 268 1079 1510 1169; baseline -0.003 -17"><span class='ocrx_word' id='word_1_47' title='bbox 268 1085 521 1153; x_wconf 77' lang='lat' dir='ltr'>dissertationem</span> <span class='ocrx_word' id='word_1_48' title='bbox 545 1104 616 1150; x_wconf 92' lang='lat' dir='ltr'>cum</span> <span class='ocrx_word' id='word_1_49' title='bbox 638 1084 717 1150; x_wconf 90' lang='lat' dir='ltr'>mihi</span> <span class='ocrx_word' id='word_1_50' title='bbox 740 1084 873 1166; x_wconf 87' lang='lat' dir='ltr'>contigit</span> <span class='ocrx_word' id='word_1_51' title='bbox 895 1086 931 1148; x_wconf 91' lang='lat' dir='ltr'>ut</span> <span class='ocrx_word' id='word_1_52' title='bbox 946 1079 1031 1149; x_wconf 81' lang='lat' dir='ltr'>Prid.</span> <span class='ocrx_word' id='word_1_53' title='bbox 1049 1080 1210 1149; x_wconf 83' lang='lat' dir='ltr'>Gebhardi</span> <span class='ocrx_word' id='word_1_54' title='bbox 1226 1082 1473 1169; x_wconf 88' lang='lat' dir='ltr'>disputationem</span> <span class='ocrx_word' id='word_1_55' title='bbox 1482 1085 1510 1169; x_wconf 81' lang='lat'>³)</span> 
     </span>
     <span class='ocr_line' id='line_1_8' title="bbox 267 1189 1511 1280; baseline -0.002 -20"><span class='ocrx_word' id='word_1_56' title='bbox 267 1193 425 1280; x_wconf 89' lang='lat' dir='ltr'>superiore</span> <span class='ocrx_word' id='word_1_57' title='bbox 442 1213 533 1274; x_wconf 91' lang='lat' dir='ltr'>anno,</span> <span class='ocrx_word' id='word_1_58' title='bbox 558 1193 743 1279; x_wconf 81' lang='lat' dir='ltr'>inspicerem</span> <span class='ocrx_word' id='word_1_59' title='bbox 765 1190 883 1258; x_wconf 88' lang='lat' dir='ltr'>editam</span> <span class='ocrx_word' id='word_1_60' title='bbox 904 1210 985 1276; x_wconf 91' lang='lat' dir='ltr'>quae</span> <span class='ocrx_word' id='word_1_61' title='bbox 1009 1210 1047 1256; x_wconf 86' lang='lat' dir='ltr'>ex</span> <span class='ocrx_word' id='word_1_62' title='bbox 1071 1189 1267 1277; x_wconf 89' lang='lat' dir='ltr'>amplissimo</span> <span class='ocrx_word' id='word_1_63' title='bbox 1284 1190 1511 1257; x_wconf 78' lang='lat' dir='ltr'>Demosthenis</span> 
     </span>
     <span class='ocr_line' id='line_1_9' title="bbox 268 1297 1512 1386; baseline -0.002 -18"><span class='ocrx_word' id='word_1_64' title='bbox 268 1300 495 1386; x_wconf 89' lang='lat' dir='ltr'>Aeschinisque</span> <span class='ocrx_word' id='word_1_65' title='bbox 519 1301 695 1366; x_wconf 87' lang='lat' dir='ltr'>orationum</span> <span class='ocrx_word' id='word_1_66' title='bbox 724 1304 757 1365; x_wconf 93' lang='lat' dir='ltr'>et</span> <span class='ocrx_word' id='word_1_67' title='bbox 779 1297 1041 1365; x_wconf 89' lang='lat' dir='ltr'>Plutarchearum</span> <span class='ocrx_word' id='word_1_68' title='bbox 1070 1300 1206 1365; x_wconf 89' lang='lat' dir='ltr'>vitarum</span> <span class='ocrx_word' id='word_1_69' title='bbox 1235 1298 1339 1366; x_wconf 91' lang='lat' dir='ltr'>studio</span> <span class='ocrx_word' id='word_1_70' title='bbox 1368 1298 1512 1384; x_wconf 86' lang='lat' dir='ltr'>proiecta</span> 
     </span>
     <span class='ocr_line' id='line_1_10' title="bbox 268 1407 1512 1495; baseline -0.002 -19"><span class='ocrx_word' id='word_1_71' title='bbox 268 1413 300 1476; x_wconf 88' lang='lat' dir='ltr'>ct</span> <span class='ocrx_word' id='word_1_72' title='bbox 323 1408 508 1495; x_wconf 89' lang='lat' dir='ltr'>plerumque</span> <span class='ocrx_word' id='word_1_73' title='bbox 532 1427 602 1474; x_wconf 91' lang='lat' dir='ltr'>cum</span> <span class='ocrx_word' id='word_1_74' title='bbox 627 1407 729 1474; x_wconf 89' lang='lat' dir='ltr'>sobrio</span> <span class='ocrx_word' id='word_1_75' title='bbox 752 1407 866 1473; x_wconf 91' lang='lat' dir='ltr'>iudicio</span> <span class='ocrx_word' id='word_1_76' title='bbox 890 1409 1078 1493; x_wconf 88' lang='lat' dir='ltr'>composita,</span> <span class='ocrx_word' id='word_1_77' title='bbox 1108 1414 1300 1494; x_wconf 89' lang='lat' dir='ltr'>quamquam</span> <span class='ocrx_word' id='word_1_78' title='bbox 1323 1426 1385 1473; x_wconf 90' lang='lat' dir='ltr'>non</span> <span class='ocrx_word' id='word_1_79' title='bbox 1408 1427 1512 1494; x_wconf 89' lang='lat' dir='ltr'>pauca</span> 
     </span>
    </p>
   </div>
   <div class='ocr_carea' id='block_1_5' title="bbox 267 1515 1642 1705">
    <p class='ocr_par' dir='ltr' id='par_1_5' title="bbox 267 1515 1642 1705">
     <span class='ocr_line' id='line_1_11' title="bbox 267 1515 1642 1602; baseline -0.001 -20"><span class='ocrx_word' id='word_1_80' title='bbox 267 1537 351 1582; x_wconf 89' lang='lat' dir='ltr'>nova</span> <span class='ocrx_word' id='word_1_81' title='bbox 374 1536 424 1581; x_wconf 91' lang='lat' dir='ltr'>me</span> <span class='ocrx_word' id='word_1_82' title='bbox 448 1515 564 1599; x_wconf 89' lang='lat' dir='ltr'>docuit,</span> <span class='ocrx_word' id='word_1_83' title='bbox 588 1520 697 1581; x_wconf 90' lang='lat' dir='ltr'>tamen</span> <span class='ocrx_word' id='word_1_84' title='bbox 719 1520 755 1580; x_wconf 91' lang='lat' dir='ltr'>ut</span> <span class='ocrx_word' id='word_1_85' title='bbox 778 1537 798 1581; x_wconf 90' lang='lat' dir='ltr'>a</span> <span class='ocrx_word' id='word_1_86' title='bbox 821 1515 980 1582; x_wconf 88' lang='lat' dir='ltr'>sententia</span> <span class='ocrx_word' id='word_1_87' title='bbox 1002 1535 1075 1580; x_wconf 88' lang='lat' dir='ltr'>mea</span> <span class='ocrx_word' id='word_1_88' title='bbox 1097 1516 1195 1582; x_wconf 91' lang='lat' dir='ltr'>etiam</span> <span class='ocrx_word' id='word_1_89' title='bbox 1211 1519 1307 1602; x_wconf 89' lang='lat' dir='ltr'>atque</span> <span class='ocrx_word' id='word_1_90' title='bbox 1323 1517 1422 1582; x_wconf 92' lang='lat' dir='ltr'>etiam</span> <span class='ocrx_word' id='word_1_91' title='bbox 1438 1535 1511 1582; x_wconf 89' lang='lat' dir='ltr'>con·</span> <span class='ocrx_word' id='word_1_92' title='bbox 1641 1551 1642 1572; x_wconf 61' lang='grc' dir='ltr'><strong><em>ι</em></strong></span> 
     </span>
     <span class='ocr_line' id='line_1_12' title="bbox 268 1621 1642 1705; baseline -0.001 -14"><span class='ocrx_word' id='word_1_93' title='bbox 268 1623 408 1692; x_wconf 81' lang='lat' dir='ltr'>siderate</span> <span class='ocrx_word' id='word_1_94' title='bbox 435 1626 469 1689; x_wconf 90' lang='lat' dir='ltr'>in</span> <span class='ocrx_word' id='word_1_95' title='bbox 496 1625 674 1690; x_wconf 89' lang='lat' dir='ltr'>universum</span> <span class='ocrx_word' id='word_1_96' title='bbox 704 1622 911 1705; x_wconf 82' lang='lat' dir='ltr'>discederem,</span> <span class='ocrx_word' id='word_1_97' title='bbox 940 1642 1003 1690; x_wconf 90' lang='lat' dir='ltr'>uon</span> <span class='ocrx_word' id='word_1_98' title='bbox 1030 1644 1081 1690; x_wconf 89' lang='lat' dir='ltr'>mo</span> <span class='ocrx_word' id='word_1_99' title='bbox 1110 1623 1250 1690; x_wconf 86' lang='lat' dir='ltr'>adduxit.</span> <span class='ocrx_word' id='word_1_100' title='bbox 1300 1621 1369 1701; x_wconf 83' lang='lat' dir='ltr'>Qua</span> <span class='ocrx_word' id='word_1_101' title='bbox 1395 1625 1429 1690; x_wconf 90' lang='lat' dir='ltr'>in</span> <span class='ocrx_word' id='word_1_102' title='bbox 1457 1645 1511 1690; x_wconf 87' lang='lat' dir='ltr'>ex·</span> <span class='ocrx_word' id='word_1_103' title='bbox 1641 1627 1642 1690; x_wconf 78' lang='lat'><em>3</em></span> 
     </span>
    </p>
   </div>
   <div class='ocr_carea' id='block_1_6' title="bbox 268 1730 1511 2143">
    <p class='ocr_par' dir='ltr' id='par_1_6' title="bbox 268 1730 1511 2143">
     <span class='ocr_line' id='line_1_13' title="bbox 269 1730 1511 1819; baseline 0.002 -23"><span class='ocrx_word' id='word_1_104' title='bbox 269 1731 416 1819; x_wconf 88' lang='lat' dir='ltr'>plicanda</span> <span class='ocrx_word' id='word_1_105' title='bbox 443 1752 539 1813; x_wconf 89' lang='lat' dir='ltr'>nunc,</span> <span class='ocrx_word' id='word_1_106' title='bbox 569 1751 649 1818; x_wconf 89' lang='lat' dir='ltr'>quac</span> <span class='ocrx_word' id='word_1_107' title='bbox 678 1753 695 1797; x_wconf 90' lang='lat' dir='ltr'>e</span> <span class='ocrx_word' id='word_1_108' title='bbox 724 1732 827 1798; x_wconf 92' lang='lat' dir='ltr'>verbis</span> <span class='ocrx_word' id='word_1_109' title='bbox 853 1730 1017 1798; x_wconf 87' lang='lat' dir='ltr'>Plutarchi</span> <span class='ocrx_word' id='word_1_110' title='bbox 1045 1733 1121 1818; x_wconf 90' lang='lat' dir='ltr'>ipsis</span> <span class='ocrx_word' id='word_1_111' title='bbox 1150 1731 1190 1798; x_wconf 92' lang='lat' dir='ltr'>ad</span> <span class='ocrx_word' id='word_1_112' title='bbox 1218 1733 1321 1797; x_wconf 83' lang='lat' dir='ltr'>fontes</span> <span class='ocrx_word' id='word_1_113' title='bbox 1350 1731 1511 1798; x_wconf 88' lang='lat' dir='ltr'>adhibitos</span> 
     </span>
     <span class='ocr_line' id='line_1_14' title="bbox 269 1838 1511 1926; baseline -0.001 -20"><span class='ocrx_word' id='word_1_114' title='bbox 269 1838 471 1906; x_wconf 83' lang='lat' dir='ltr'>excutiendos</span> <span class='ocrx_word' id='word_1_115' title='bbox 494 1840 595 1926; x_wconf 90' lang='lat' dir='ltr'>repeti</span> <span class='ocrx_word' id='word_1_116' title='bbox 619 1842 750 1926; x_wconf 79' lang='lat' dir='ltr'>possint,</span> <span class='ocrx_word' id='word_1_117' title='bbox 776 1840 948 1926; x_wconf 91' lang='lat' dir='ltr'>disquirere</span> <span class='ocrx_word' id='word_1_118' title='bbox 972 1841 1005 1906; x_wconf 92' lang='lat' dir='ltr'>in</span> <span class='ocrx_word' id='word_1_119' title='bbox 1028 1841 1133 1906; x_wconf 91' lang='lat' dir='ltr'>auimo</span> <span class='ocrx_word' id='word_1_120' title='bbox 1156 1839 1234 1906; x_wconf 89' lang='lat' dir='ltr'>mihi</span> <span class='ocrx_word' id='word_1_121' title='bbox 1257 1844 1317 1922; x_wconf 88' lang='lat' dir='ltr'>est,</span> <span class='ocrx_word' id='word_1_122' title='bbox 1347 1844 1443 1925; x_wconf 90' lang='lat' dir='ltr'>atque</span> <span class='ocrx_word' id='word_1_123' title='bbox 1466 1841 1511 1906; x_wconf 88' lang='lat' dir='ltr'>sic</span> 
     </span>
     <span class='ocr_line' id='line_1_15' title="bbox 270 1947 1509 2035; baseline -0.001 -22"><span class='ocrx_word' id='word_1_124' title='bbox 270 1969 400 2032; x_wconf 85' lang='lat' dir='ltr'>agamus</span> <span class='ocrx_word' id='word_1_125' title='bbox 423 1952 460 2012; x_wconf 91' lang='lat' dir='ltr'>ut</span> <span class='ocrx_word' id='word_1_126' title='bbox 483 1947 608 2031; x_wconf 90' lang='lat' dir='ltr'>singula</span> <span class='ocrx_word' id='word_1_127' title='bbox 625 1947 771 2035; x_wconf 90' lang='lat' dir='ltr'>deinceps</span> <span class='ocrx_word' id='word_1_128' title='bbox 787 1949 894 2035; x_wconf 90' lang='lat' dir='ltr'>capita</span> <span class='ocrx_word' id='word_1_129' title='bbox 910 1969 1004 2034; x_wconf 90' lang='lat' dir='ltr'>quam</span> <span class='ocrx_word' id='word_1_130' title='bbox 1021 1948 1255 2031; x_wconf 79' lang='lat' dir='ltr'>accuratissime</span> <span class='ocrx_word' id='word_1_131' title='bbox 1272 1947 1509 2034; x_wconf 84' lang='lat' dir='ltr'>perlustramus.</span> 
     </span>
     <span class='ocr_line' id='line_1_16' title="bbox 268 2044 952 2143; baseline 0 -21"><span class='ocrx_word' id='word_1_132' title='bbox 268 2055 317 2122; x_wconf 90' lang='lat' dir='ltr'>De</span> <span class='ocrx_word' id='word_1_133' title='bbox 343 2056 483 2122; x_wconf 83' lang='lat' dir='ltr'>fontibus</span> <span class='ocrx_word' id='word_1_134' title='bbox 506 2056 583 2142; x_wconf 91' lang='lat' dir='ltr'>ipsis</span> <span class='ocrx_word' id='word_1_135' title='bbox 606 2056 689 2122; x_wconf 89' lang='lat' dir='ltr'>iufra</span> <span class='ocrx_word' id='word_1_136' title='bbox 711 2044 952 2143; x_wconf 78' lang='lat' dir='ltr'>disputabimus,</span> 
     </span>
    </p>
   </div>
   <div class='ocr_carea' id='block_1_7' title="bbox 236 2136 1643 2265">
    <p class='ocr_par' dir='ltr' id='par_1_7' title="bbox 236 2136 1643 2265">
     <span class='ocr_line' id='line_1_17' title="bbox 236 2136 1643 2265; baseline 0.004 -38"><span class='ocrx_word' id='word_1_137' title='bbox 236 2233 252 2265; x_wconf 53' lang='lat' dir='ltr'><em>l</em></span> <span class='ocrx_word' id='word_1_138' title='bbox 329 2187 332 2193; x_wconf 92' lang='lat'>·</span> <span class='ocrx_word' id='word_1_139' title='bbox 359 2161 549 2229; x_wconf 89' lang='lat' dir='ltr'>Plutamhus</span> <span class='ocrx_word' id='word_1_140' title='bbox 573 2167 637 2230; x_wconf 89' lang='lat' dir='ltr'>c.4</span> <span class='ocrx_word' id='word_1_141' title='bbox 662 2163 700 2230; x_wconf 89' lang='lat' dir='ltr'>dc</span> <span class='ocrx_word' id='word_1_142' title='bbox 723 2143 917 2250; x_wconf 86' lang='lat' dir='ltr'>parentibus,</span> <span class='ocrx_word' id='word_1_143' title='bbox 941 2167 1082 2230; x_wconf 89' lang='lat' dir='ltr'>tutorum</span> <span class='ocrx_word' id='word_1_144' title='bbox 1105 2164 1237 2250; x_wconf 87' lang='lat' dir='ltr'>perfidia</span> <span class='ocrx_word' id='word_1_145' title='bbox 1260 2136 1512 2248; x_wconf 71' lang='lat' dir='ltr'>cognominibus</span> <span class='ocrx_word' id='word_1_146' title='bbox 1642 2213 1643 2232; x_wconf 46' lang='grc' dir='ltr'><strong><em>ι</em></strong></span> 
     </span>
    </p>
   </div>
   <div class='ocr_carea' id='block_1_8' title="bbox 192 2270 1513 2686">
    <p class='ocr_par' dir='ltr' id='par_1_8' title="bbox 192 2270 1513 2686">
     <span class='ocr_line' id='line_1_18' title="bbox 269 2270 1510 2359; baseline 0.001 -22"><span class='ocrx_word' id='word_1_147' title='bbox 269 2292 330 2358; x_wconf 90' lang='lat' dir='ltr'>que</span> <span class='ocrx_word' id='word_1_148' title='bbox 358 2270 566 2337; x_wconf 87' lang='lat' dir='ltr'>Demostheni</span> <span class='ocrx_word' id='word_1_149' title='bbox 593 2271 728 2338; x_wconf 91' lang='lat' dir='ltr'>ludibrio</span> <span class='ocrx_word' id='word_1_150' title='bbox 757 2272 866 2339; x_wconf 91' lang='lat' dir='ltr'>inditis</span> <span class='ocrx_word' id='word_1_151' title='bbox 893 2275 1037 2359; x_wconf 87' lang='lat' dir='ltr'>exponit,</span> <span class='ocrx_word' id='word_1_152' title='bbox 1073 2292 1099 2338; x_wconf 91' lang='lat' dir='ltr'>c.</span> <span class='ocrx_word' id='word_1_153' title='bbox 1130 2273 1149 2336; x_wconf 81' lang='lat'><strong>5</strong></span> <span class='ocrx_word' id='word_1_154' title='bbox 1179 2271 1321 2338; x_wconf 88' lang='lat' dir='ltr'>fabulam</span> <span class='ocrx_word' id='word_1_155' title='bbox 1349 2271 1441 2338; x_wconf 91' lang='lat' dir='ltr'>illam</span> <span class='ocrx_word' id='word_1_156' title='bbox 1473 2271 1510 2338; x_wconf 93' lang='lat' dir='ltr'>de</span> 
     </span>
     <span class='ocr_line' id='line_1_19' title="bbox 271 2378 1511 2467; baseline -0.002 -21"><span class='ocrx_word' id='word_1_157' title='bbox 271 2378 404 2466; x_wconf 90' lang='lat' dir='ltr'>Oropica</span> <span class='ocrx_word' id='word_1_158' title='bbox 432 2399 527 2446; x_wconf 88' lang='lat' dir='ltr'>causa</span> <span class='ocrx_word' id='word_1_159' title='bbox 554 2383 663 2445; x_wconf 88' lang='lat' dir='ltr'>narrat</span> <span class='ocrx_word' id='word_1_160' title='bbox 690 2383 724 2445; x_wconf 89' lang='lat' dir='ltr'>et</span> <span class='ocrx_word' id='word_1_161' title='bbox 751 2379 789 2445; x_wconf 95' lang='lat' dir='ltr'>de</span> <span class='ocrx_word' id='word_1_162' title='bbox 817 2379 1073 2467; x_wconf 88' lang='lat' dir='ltr'>praeceptoribus</span> <span class='ocrx_word' id='word_1_163' title='bbox 1101 2381 1235 2446; x_wconf 86' lang='lat' dir='ltr'>oratoris</span> <span class='ocrx_word' id='word_1_164' title='bbox 1271 2399 1308 2446; x_wconf 89' lang='lat' dir='ltr'>ex</span> <span class='ocrx_word' id='word_1_165' title='bbox 1337 2379 1511 2466; x_wconf 89' lang='lat' dir='ltr'>Hermippo</span> 
     </span>
     <span class='ocr_line' id='line_1_20' title="bbox 272 2486 1513 2575; baseline 0.001 -22"><span class='ocrx_word' id='word_1_166' title='bbox 272 2487 350 2554; x_wconf 91' lang='lat' dir='ltr'>duas</span> <span class='ocrx_word' id='word_1_167' title='bbox 379 2486 472 2552; x_wconf 83' lang='lat' dir='ltr'>affert</span> <span class='ocrx_word' id='word_1_168' title='bbox 498 2486 677 2554; x_wconf 89' lang='lat' dir='ltr'>relationes.</span> <span class='ocrx_word' id='word_1_169' title='bbox 726 2486 785 2566; x_wconf 81' lang='lat' dir='ltr'>Qui</span> <span class='ocrx_word' id='word_1_170' title='bbox 811 2487 890 2556; x_wconf 90' lang='lat' dir='ltr'>haec</span> <span class='ocrx_word' id='word_1_171' title='bbox 919 2488 979 2555; x_wconf 89' lang='lat' dir='ltr'>duo</span> <span class='ocrx_word' id='word_1_172' title='bbox 1008 2490 1115 2575; x_wconf 89' lang='lat' dir='ltr'>capita</span> <span class='ocrx_word' id='word_1_173' title='bbox 1142 2486 1237 2574; x_wconf 93' lang='lat' dir='ltr'>paulo</span> <span class='ocrx_word' id='word_1_174' title='bbox 1266 2488 1419 2554; x_wconf 87' lang='lat' dir='ltr'>intentius</span> <span class='ocrx_word' id='word_1_175' title='bbox 1443 2509 1513 2575; x_wconf 89' lang='lat' dir='ltr'>per·</span> 
     </span>
     <span class='ocr_line' id='line_1_21' title="bbox 192 2593 1510 2686; baseline 0.001 -26"><span class='ocrx_word' id='word_1_176' title='bbox 192 2673 196 2686; x_wconf 37' lang='lat'><strong>·</strong></span> <span class='ocrx_word' id='word_1_177' title='bbox 271 2594 396 2678; x_wconf 82' lang='lat' dir='ltr'>legerit,</span> <span class='ocrx_word' id='word_1_178' title='bbox 413 2595 480 2661; x_wconf 87' lang='lat' dir='ltr'>fieri</span> <span class='ocrx_word' id='word_1_179' title='bbox 496 2616 558 2660; x_wconf 91' lang='lat' dir='ltr'>non</span> <span class='ocrx_word' id='word_1_180' title='bbox 574 2598 692 2682; x_wconf 90' lang='lat' dir='ltr'>poterit</span> <span class='ocrx_word' id='word_1_181' title='bbox 707 2597 782 2682; x_wconf 90' lang='lat' dir='ltr'>quin</span> <span class='ocrx_word' id='word_1_182' title='bbox 798 2598 831 2662; x_wconf 92' lang='lat' dir='ltr'>in</span> <span class='ocrx_word' id='word_1_183' title='bbox 843 2594 1008 2663; x_wconf 85' lang='lat' dir='ltr'>Plutarchi</span> <span class='ocrx_word' id='word_1_184' title='bbox 1024 2597 1128 2663; x_wconf 81' lang='lat' dir='ltr'>verbis</span> <span class='ocrx_word' id='word_1_185' title='bbox 1144 2597 1347 2662; x_wconf 89' lang='lat' dir='ltr'>vehementer</span> <span class='ocrx_word' id='word_1_186' title='bbox 1363 2593 1510 2663; x_wconf 85' lang='lat' dir='ltr'>offendat.</span> 
     </span>
    </p>
   </div>
   <div class='ocr_carea' id='block_1_9' title="bbox 271 2701 1644 2899">
    <p class='ocr_par' dir='ltr' id='par_1_9' title="bbox 271 2701 1644 2899">
     <span class='ocr_line' id='line_1_22' title="bbox 271 2701 1644 2790; baseline 0.001 -23"><span class='ocrx_word' id='word_1_187' title='bbox 271 2702 360 2768; x_wconf 91' lang='lat' dir='ltr'>Idem</span> <span class='ocrx_word' id='word_1_188' title='bbox 384 2703 468 2767; x_wconf 89' lang='lat' dir='ltr'>enim</span> <span class='ocrx_word' id='word_1_189' title='bbox 491 2701 735 2785; x_wconf 86' lang='lat' dir='ltr'>Demosthenes,</span> <span class='ocrx_word' id='word_1_190' title='bbox 764 2706 818 2790; x_wconf 92' lang='lat' dir='ltr'>qui</span> <span class='ocrx_word' id='word_1_191' title='bbox 841 2705 1064 2787; x_wconf 88' lang='lat' dir='ltr'>magistmrum</span> <span class='ocrx_word' id='word_1_192' title='bbox 1087 2702 1283 2771; x_wconf 89' lang='lat' dir='ltr'>mercedibus</span> <span class='ocrx_word' id='word_1_193' title='bbox 1309 2725 1330 2769; x_wconf 91' lang='lat' dir='ltr'>a</span> <span class='ocrx_word' id='word_1_194' title='bbox 1356 2704 1513 2770; x_wconf 88' lang='lat' dir='ltr'>tutoribus</span> <span class='ocrx_word' id='word_1_195' title='bbox 1643 2737 1644 2774; x_wconf 63' lang='lat' dir='ltr'>r</span> 
     </span>
     <span class='ocr_line' id='line_1_23' title="bbox 273 2809 1644 2899; baseline 0 -25"><span class='ocrx_word' id='word_1_196' title='bbox 273 2809 428 2876; x_wconf 79' lang='lat' dir='ltr'>fraudatis</span> <span class='ocrx_word' id='word_1_197' title='bbox 451 2811 506 2874; x_wconf 82' lang='grc' dir='ltr'>διὰ</span> <span class='ocrx_word' id='word_1_198' title='bbox 530 2811 567 2896; x_wconf 76' lang='grc' dir='ltr'>δὴ</span> <span class='ocrx_word' id='word_1_199' title='bbox 589 2815 681 2878; x_wconf 79' lang='grc' dir='ltr'><strong><em>τοῦτο</em></strong></span> <span class='ocrx_word' id='word_1_200' title='bbox 704 2816 765 2876; x_wconf 82' lang='grc' dir='ltr'>τῶν</span> <span class='ocrx_word' id='word_1_201' title='bbox 778 2813 923 2896; x_wconf 72' lang='grc' dir='ltr'><em>ἐμμελῶν</em></span> <span class='ocrx_word' id='word_1_202' title='bbox 937 2813 991 2876; x_wconf 73' lang='grc' dir='ltr'>καὶ</span> <span class='ocrx_word' id='word_1_203' title='bbox 1006 2813 1229 2899; x_wconf 69' lang='grc' dir='ltr'><strong><em>προςηκόντωκ</em></strong></span> <span class='ocrx_word' id='word_1_204' title='bbox 1242 2813 1403 2898; x_wconf 69' lang='grc' dir='ltr'>ἐλευθέρῳ</span> <span class='ocrx_word' id='word_1_205' title='bbox 1419 2813 1515 2878; x_wconf 72' lang='grc' dir='ltr'><strong><em>παιδὶ</em></strong></span> <span class='ocrx_word' id='word_1_206' title='bbox 1643 2813 1644 2854; x_wconf 67' lang='grc' dir='ltr'>Ῑ</span> 
     </span>
    </p>
   </div>
   <div class='ocr_carea' id='block_1_10' title="bbox 271 2916 1623 4087">
    <p class='ocr_par' dir='ltr' id='par_1_10' title="bbox 271 2916 1623 4087">
     <span class='ocr_line' id='line_1_24' title="bbox 271 2916 1515 3006; baseline 0.006 -26"><span class='ocrx_word' id='word_1_207' title='bbox 271 2916 476 3002; x_wconf 67' lang='grc' dir='ltr'><em>μαθημάτων</em></span> <span class='ocrx_word' id='word_1_208' title='bbox 492 2917 685 2994; x_wconf 75' lang='grc' dir='ltr'><strong><em>ἀπαίδευτος</em></strong></span> <span class='ocrx_word' id='word_1_209' title='bbox 700 2919 787 2983; x_wconf 75' lang='grc' dir='ltr'><strong><em>δοκεῖ</em></strong></span> <span class='ocrx_word' id='word_1_210' title='bbox 798 2923 964 2998; x_wconf 69' lang='grc' dir='ltr'><strong><em>γενέσθαι,</em></strong></span> <span class='ocrx_word' id='word_1_211' title='bbox 979 2919 1013 2985; x_wconf 89' lang='lat' dir='ltr'>in</span> <span class='ocrx_word' id='word_1_212' title='bbox 1028 2939 1054 2985; x_wconf 90' lang='lat' dir='ltr'>c.</span> <span class='ocrx_word' id='word_1_213' title='bbox 1070 2921 1090 2984; x_wconf 82' lang='lat'>5</span> <span class='ocrx_word' id='word_1_214' title='bbox 1109 2923 1279 3006; x_wconf 84' lang='lat' dir='ltr'>postquam</span> <span class='ocrx_word' id='word_1_215' title='bbox 1293 2917 1515 2986; x_wconf 77' lang='lat' dir='ltr'>Callistratum</span> 
     </span>
     <span class='ocr_line' id='line_1_25' title="bbox 276 3025 1517 3114; baseline 0.003 -24"><span class='ocrx_word' id='word_1_216' title='bbox 276 3025 396 3111; x_wconf 91' lang='lat' dir='ltr'>optimo</span> <span class='ocrx_word' id='word_1_217' title='bbox 420 3045 490 3091; x_wconf 92' lang='lat' dir='ltr'>cum</span> <span class='ocrx_word' id='word_1_218' title='bbox 514 3031 628 3093; x_wconf 87' lang='lat' dir='ltr'>eventu</span> <span class='ocrx_word' id='word_1_219' title='bbox 651 3048 834 3114; x_wconf 90' lang='lat' dir='ltr'>summaque</span> <span class='ocrx_word' id='word_1_220' title='bbox 858 3028 973 3095; x_wconf 83' lang='lat' dir='ltr'>civium</span> <span class='ocrx_word' id='word_1_221' title='bbox 995 3027 1202 3094; x_wconf 86' lang='lat' dir='ltr'>admiratione</span> <span class='ocrx_word' id='word_1_222' title='bbox 1217 3026 1399 3114; x_wconf 89' lang='lat' dir='ltr'>loquentem</span> <span class='ocrx_word' id='word_1_223' title='bbox 1415 3028 1517 3096; x_wconf 88' lang='lat' dir='ltr'>audiit</span> 
     </span>
     <span class='ocr_line' id='line_1_26' title="bbox 274 3129 1623 3232; baseline 0.005 -36"><span class='ocrx_word' id='word_1_224' title='bbox 274 3132 372 3207; x_wconf 75' lang='grc' dir='ltr'><strong><em>ἐάσας</em></strong></span> <span class='ocrx_word' id='word_1_225' title='bbox 396 3134 434 3196; x_wconf 82' lang='grc' dir='ltr'>τὰ</span> <span class='ocrx_word' id='word_1_226' title='bbox 458 3134 559 3200; x_wconf 80' lang='grc' dir='ltr'><strong><em>λοιπὰ</em></strong></span> <span class='ocrx_word' id='word_1_227' title='bbox 581 3129 763 3221; x_wconf 68' lang='grc' dir='ltr'>μαθήματα</span> <span class='ocrx_word' id='word_1_228' title='bbox 786 3136 839 3198; x_wconf 78' lang='grc' dir='ltr'>καὶ</span> <span class='ocrx_word' id='word_1_229' title='bbox 862 3136 918 3210; x_wconf 76' lang='grc' dir='ltr'>τὰς</span> <span class='ocrx_word' id='word_1_230' title='bbox 941 3135 1096 3210; x_wconf 79' lang='grc' dir='ltr'><strong><em>παιδικὰς</em></strong></span> <span class='ocrx_word' id='word_1_231' title='bbox 1118 3137 1283 3223; x_wconf 71' lang='grc' dir='ltr'><strong><em>διατριβὰς</em></strong></span> <span class='ocrx_word' id='word_1_232' title='bbox 1303 3135 1399 3211; x_wconf 72' lang='grc' dir='ltr'><strong><em>αὐτὸς</em></strong></span> <span class='ocrx_word' id='word_1_233' title='bbox 1415 3136 1516 3202; x_wconf 69' lang='grc' dir='ltr'><strong><em>αὑτὸν</em></strong></span> <span class='ocrx_word' id='word_1_234' title='bbox 1619 3221 1623 3232; x_wconf 28' lang='lat'><strong>⁴</strong></span> 
     </span>
     <span class='ocr_line' id='line_1_27' title="bbox 276 3239 1516 3329; baseline 0.008 -27"><span class='ocrx_word' id='word_1_235' title='bbox 276 3240 361 3326; x_wconf 73' lang='grc' dir='ltr'><strong><em>ἤσκει</em></strong></span> <span class='ocrx_word' id='word_1_236' title='bbox 377 3241 443 3304; x_wconf 77' lang='grc' dir='ltr'><strong><em>κτλ.</em></strong></span> <span class='ocrx_word' id='word_1_237' title='bbox 472 3239 543 3319; x_wconf 72' lang='lat' dir='ltr'>Qui</span> <span class='ocrx_word' id='word_1_238' title='bbox 558 3240 619 3308; x_wconf 89' lang='lat' dir='ltr'>duo</span> <span class='ocrx_word' id='word_1_239' title='bbox 634 3241 705 3324; x_wconf 85' lang='lat' dir='ltr'>loci,</span> <span class='ocrx_word' id='word_1_240' title='bbox 730 3245 757 3308; x_wconf 87' lang='lat' dir='ltr'>si</span> <span class='ocrx_word' id='word_1_241' title='bbox 773 3243 806 3308; x_wconf 87' lang='lat' dir='ltr'>in</span> <span class='ocrx_word' id='word_1_242' title='bbox 822 3263 848 3309; x_wconf 81' lang='lat' dir='ltr'>c.</span> <span class='ocrx_word' id='word_1_243' title='bbox 866 3245 887 3308; x_wconf 84' lang='lat'>4</span> <span class='ocrx_word' id='word_1_244' title='bbox 912 3245 951 3307; x_wconf 83' lang='grc' dir='ltr'>τὰ</span> <span class='ocrx_word' id='word_1_245' title='bbox 974 3243 1155 3329; x_wconf 71' lang='grc' dir='ltr'><strong><em>μαθήματα</em></strong></span> <span class='ocrx_word' id='word_1_246' title='bbox 1178 3245 1284 3310; x_wconf 88' lang='lat' dir='ltr'>omnia</span> <span class='ocrx_word' id='word_1_247' title='bbox 1307 3245 1516 3312; x_wconf 75' lang='lat' dir='ltr'>institutionis</span> 
     </span>
     <span class='ocr_line' id='line_1_28' title="bbox 274 3347 1519 3437; baseline 0.006 -24"><span class='ocrx_word' id='word_1_248' title='bbox 274 3367 390 3430; x_wconf 88' lang='lat' dir='ltr'>genera</span> <span class='ocrx_word' id='word_1_249' title='bbox 418 3347 659 3431; x_wconf 85' lang='lat' dir='ltr'>intelleguntur,</span> <span class='ocrx_word' id='word_1_250' title='bbox 689 3350 735 3415; x_wconf 92' lang='lat' dir='ltr'>ita</span> <span class='ocrx_word' id='word_1_251' title='bbox 763 3351 939 3437; x_wconf 88' lang='lat' dir='ltr'>comparati</span> <span class='ocrx_word' id='word_1_252' title='bbox 967 3355 1055 3433; x_wconf 90' lang='lat' dir='ltr'>sunt,</span> <span class='ocrx_word' id='word_1_253' title='bbox 1084 3354 1120 3417; x_wconf 92' lang='lat' dir='ltr'>ut</span> <span class='ocrx_word' id='word_1_254' title='bbox 1143 3350 1184 3418; x_wconf 86' lang='lat' dir='ltr'>ad</span> <span class='ocrx_word' id='word_1_255' title='bbox 1207 3351 1339 3417; x_wconf 88' lang='lat' dir='ltr'>eandem</span> <span class='ocrx_word' id='word_1_256' title='bbox 1363 3354 1519 3436; x_wconf 84' lang='lat' dir='ltr'>originem</span> 
     </span>
     <span class='ocr_line' id='line_1_29' title="bbox 275 3455 1516 3546; baseline 0.006 -26"><span class='ocrx_word' id='word_1_257' title='bbox 275 3455 375 3522; x_wconf 90' lang='lat' dir='ltr'>redire</span> <span class='ocrx_word' id='word_1_258' title='bbox 399 3461 565 3544; x_wconf 88' lang='lat' dir='ltr'>nequeant.</span> <span class='ocrx_word' id='word_1_259' title='bbox 606 3457 777 3540; x_wconf 88' lang='lat' dir='ltr'>Dissensio,</span> <span class='ocrx_word' id='word_1_260' title='bbox 802 3479 882 3544; x_wconf 87' lang='lat' dir='ltr'>quae</span> <span class='ocrx_word' id='word_1_261' title='bbox 906 3460 959 3524; x_wconf 89' lang='lat' dir='ltr'>vix</span> <span class='ocrx_word' id='word_1_262' title='bbox 982 3461 1091 3543; x_wconf 88' lang='lat' dir='ltr'>negari</span> <span class='ocrx_word' id='word_1_263' title='bbox 1113 3464 1229 3546; x_wconf 88' lang='lat' dir='ltr'>potest,</span> <span class='ocrx_word' id='word_1_264' title='bbox 1254 3461 1301 3525; x_wconf 92' lang='lat' dir='ltr'>ita</span> <span class='ocrx_word' id='word_1_265' title='bbox 1321 3460 1516 3546; x_wconf 86' lang='lat' dir='ltr'>expedienda</span> 
     </span>
     <span class='ocr_line' id='line_1_30' title="bbox 275 3561 1516 3652; baseline 0.007 -25"><span class='ocrx_word' id='word_1_266' title='bbox 275 3561 353 3628; x_wconf 92' lang='lat' dir='ltr'>mihi</span> <span class='ocrx_word' id='word_1_267' title='bbox 377 3564 515 3646; x_wconf 87' lang='lat' dir='ltr'>videtur,</span> <span class='ocrx_word' id='word_1_268' title='bbox 544 3568 580 3629; x_wconf 94' lang='lat' dir='ltr'>ut</span> <span class='ocrx_word' id='word_1_269' title='bbox 603 3563 792 3631; x_wconf 88' lang='lat' dir='ltr'>Plutarchus</span> <span class='ocrx_word' id='word_1_270' title='bbox 815 3567 847 3631; x_wconf 91' lang='lat' dir='ltr'>in</span> <span class='ocrx_word' id='word_1_271' title='bbox 870 3567 957 3632; x_wconf 88' lang='lat' dir='ltr'>fonte</span> <span class='ocrx_word' id='word_1_272' title='bbox 980 3587 1051 3649; x_wconf 93' lang='lat' dir='ltr'>suo,</span> <span class='ocrx_word' id='word_1_273' title='bbox 1076 3587 1169 3652; x_wconf 90' lang='lat' dir='ltr'>quem</span> <span class='ocrx_word' id='word_1_274' title='bbox 1193 3568 1233 3634; x_wconf 91' lang='lat' dir='ltr'>ab</span> <span class='ocrx_word' id='word_1_275' title='bbox 1256 3568 1347 3634; x_wconf 87' lang='lat' dir='ltr'>initio</span> <span class='ocrx_word' id='word_1_276' title='bbox 1371 3588 1396 3634; x_wconf 92' lang='lat' dir='ltr'>c.</span> <span class='ocrx_word' id='word_1_277' title='bbox 1423 3573 1444 3634; x_wconf 89' lang='lat'>4</span> <span class='ocrx_word' id='word_1_278' title='bbox 1468 3591 1516 3636; x_wconf 92' lang='lat' dir='ltr'>se·</span> 
     </span>
     <span class='ocr_line' id='line_1_31' title="bbox 275 3671 1516 3764; baseline 0.006 -28"><span class='ocrx_word' id='word_1_279' title='bbox 275 3675 365 3736; x_wconf 88' lang='lat' dir='ltr'>cutus</span> <span class='ocrx_word' id='word_1_280' title='bbox 382 3676 440 3754; x_wconf 78' lang='lat' dir='ltr'>est,</span> <span class='ocrx_word' id='word_1_281' title='bbox 458 3671 537 3738; x_wconf 93' lang='lat' dir='ltr'>nihil</span> <span class='ocrx_word' id='word_1_282' title='bbox 554 3672 640 3738; x_wconf 91' lang='lat' dir='ltr'>aliud</span> <span class='ocrx_word' id='word_1_283' title='bbox 656 3673 812 3739; x_wconf 86' lang='lat' dir='ltr'>iuvenisse</span> <span class='ocrx_word' id='word_1_284' title='bbox 829 3674 1026 3740; x_wconf 87' lang='lat' dir='ltr'>existimetur</span> <span class='ocrx_word' id='word_1_285' title='bbox 1041 3675 1102 3742; x_wconf 92' lang='lat' dir='ltr'>nisi</span> <span class='ocrx_word' id='word_1_286' title='bbox 1114 3674 1361 3742; x_wconf 87' lang='lat' dir='ltr'>Demosthenem</span> <span class='ocrx_word' id='word_1_287' title='bbox 1378 3678 1516 3764; x_wconf 87' lang='lat' dir='ltr'>corporis</span> 
     </span>
     <span class='ocr_line' id='line_1_32' title="bbox 274 3778 1517 3871; baseline 0.006 -29"><span class='ocrx_word' id='word_1_288' title='bbox 274 3778 496 3846; x_wconf 91' lang='lat' dir='ltr'>imbecillitate</span> <span class='ocrx_word' id='word_1_289' title='bbox 519 3783 686 3867; x_wconf 89' lang='lat' dir='ltr'>gymnasia</span> <span class='ocrx_word' id='word_1_290' title='bbox 713 3781 937 3867; x_wconf 86' lang='lat' dir='ltr'>frequentitare</span> <span class='ocrx_word' id='word_1_291' title='bbox 966 3784 1158 3870; x_wconf 92' lang='lat' dir='ltr'>prohibitum</span> <span class='ocrx_word' id='word_1_292' title='bbox 1187 3784 1299 3850; x_wconf 86' lang='lat' dir='ltr'>ceteris</span> <span class='ocrx_word' id='word_1_293' title='bbox 1326 3783 1517 3871; x_wconf 68' lang='grc' dir='ltr'><strong><em>μαθήμασιν</em></strong></span> 
     </span>
     <span class='ocr_line' id='line_1_33' title="bbox 275 3887 1515 4002; baseline 0.006 -50"><span class='ocrx_word' id='word_1_294' title='bbox 275 3891 401 3953; x_wconf 88' lang='lat' dir='ltr'>strenue</span> <span class='ocrx_word' id='word_1_295' title='bbox 425 3887 579 3956; x_wconf 73' lang='lat' dir='ltr'>deditur»</span> <span class='ocrx_word' id='word_1_296' title='bbox 590 3889 695 3971; x_wconf 84' lang='lat' dir='ltr'>fuisse,</span> <span class='ocrx_word' id='word_1_297' title='bbox 721 3887 899 3956; x_wconf 80' lang='lat' dir='ltr'>Callistrati</span> <span class='ocrx_word' id='word_1_298' title='bbox 915 3894 1021 3958; x_wconf 87' lang='lat' dir='ltr'>autem</span> <span class='ocrx_word' id='word_1_299' title='bbox 1037 3890 1180 3977; x_wconf 85' lang='lat' dir='ltr'>exemplo</span> <span class='ocrx_word' id='word_1_300' title='bbox 1196 3890 1396 3978; x_wconf 89' lang='lat' dir='ltr'>eloquentiae</span> <span class='ocrx_word' id='word_1_301' title='bbox 1412 3893 1515 4002; x_wconf 73' lang='lat' dir='ltr'>stpdio</span> 
     </span>
     <span class='ocr_line' id='line_1_34' title="bbox 276 3993 1517 4087; baseline 0.005 -27"><span class='ocrx_word' id='word_1_302' title='bbox 276 3993 506 4061; x_wconf 87' lang='lat' dir='ltr'>inflammatum</span> <span class='ocrx_word' id='word_1_303' title='bbox 534 3995 664 4083; x_wconf 90' lang='lat' dir='ltr'>reliquis</span> <span class='ocrx_word' id='word_1_304' title='bbox 692 3996 866 4084; x_wconf 90' lang='lat' dir='ltr'>disciplinis</span> <span class='ocrx_word' id='word_1_305' title='bbox 895 4001 936 4086; x_wconf 89' lang='lat' dir='ltr'>(c.</span> <span class='ocrx_word' id='word_1_306' title='bbox 967 4001 986 4064; x_wconf 85' lang='lat'><strong>5</strong></span> <span class='ocrx_word' id='word_1_307' title='bbox 1015 3997 1153 4073; x_wconf 81' lang='grc' dir='ltr'><strong><em>ἀκούσας</em></strong></span> <span class='ocrx_word' id='word_1_308' title='bbox 1181 3998 1239 4064; x_wconf 82' lang='grc' dir='ltr'>οὖν</span> <span class='ocrx_word' id='word_1_309' title='bbox 1267 4000 1517 4087; x_wconf 70' lang='grc' dir='ltr'>ὀΔημοσθέιιης</span> 
     </span>
    </p>
   </div>
   <div class='ocr_carea' id='block_1_11' title="bbox 277 4193 1516 4446">
    <p class='ocr_par' dir='ltr' id='par_1_11' title="bbox 277 4193 1516 4446">
     <span class='ocr_line' id='line_1_35' title="bbox 350 4193 698 4262; baseline 0 -12"><span class='ocrx_word' id='word_1_310' title='bbox 350 4193 359 4226; x_wconf 87' lang='lat'>¹</span> <span class='ocrx_word' id='word_1_311' title='bbox 430 4195 653 4262; x_wconf 84' lang='grc' dir='ltr'>.1).,Ι,4-</span> <span class='ocrx_word' id='word_1_312' title='bbox 692 4239 698 4250; x_wconf 87' lang='lat'>.</span> 
     </span>
     <span class='ocr_line' id='line_1_36' title="bbox 349 4195 1516 4362; baseline 0.005 -22"><span class='ocrx_word' id='word_1_313' title='bbox 349 4195 371 4352; x_wconf 52' lang='grc' dir='ltr'>’ζ</span> <span class='ocrx_word' id='word_1_314' title='bbox 390 4212 429 4341; x_wconf 63' lang='lat' dir='ltr'>(Db</span> <span class='ocrx_word' id='word_1_315' title='bbox 448 4197 555 4340; x_wconf 62' lang='lat' dir='ltr'>Duridb</span> <span class='ocrx_word' id='word_1_316' title='bbox 568 4197 784 4342; x_wconf 52' lang='lat' dir='ltr'>Sabiobbiodou·</span> <span class='ocrx_word' id='word_1_317' title='bbox 804 4288 888 4342; x_wconf 90' lang='lat' dir='ltr'>Siculi</span> <span class='ocrx_word' id='word_1_318' title='bbox 913 4291 941 4343; x_wconf 90' lang='lat' dir='ltr'>et</span> <span class='ocrx_word' id='word_1_319' title='bbox 964 4289 1104 4344; x_wconf 83' lang='lat' dir='ltr'>Plutarchi</span> <span class='ocrx_word' id='word_1_320' title='bbox 1128 4293 1245 4344; x_wconf 87' lang='lat' dir='ltr'>auctore.</span> <span class='ocrx_word' id='word_1_321' title='bbox 1284 4291 1397 4346; x_wconf 89' lang='lat' dir='ltr'>Dissert.</span> <span class='ocrx_word' id='word_1_322' title='bbox 1424 4293 1516 4362; x_wconf 85' lang='lat' dir='ltr'>inaug.</span> 
     </span>
     <span class='ocr_line' id='line_1_37' title="bbox 277 4375 697 4446; baseline 0.005 -16"><span class='ocrx_word' id='word_1_323' title='bbox 277 4376 398 4446; x_wconf 85' lang='lat' dir='ltr'>Gotting.</span> <span class='ocrx_word' id='word_1_324' title='bbox 420 4376 498 4430; x_wconf 73' lang='lat'>1874.</span> <span class='ocrx_word' id='word_1_325' title='bbox 536 4395 561 4446; x_wconf 90' lang='lat' dir='ltr'>p.</span> <span class='ocrx_word' id='word_1_326' title='bbox 583 4375 697 4432; x_wconf 80' lang='lat'>35—49.</span> 
     </span>
    </p>
   </div>
   <div class='ocr_carea' id='block_1_12' title="bbox 279 4463 1516 4624">
    <p class='ocr_par' dir='ltr' id='par_1_12' title="bbox 279 4463 1516 4624">
     <span class='ocr_line' id='line_1_38' title="bbox 351 4463 1516 4548; baseline 0.009 -28"><span class='ocrx_word' id='word_1_327' title='bbox 351 4463 373 4534; x_wconf 85' lang='lat'>⁸)</span> <span class='ocrx_word' id='word_1_328' title='bbox 393 4469 432 4521; x_wconf 88' lang='lat' dir='ltr'>De</span> <span class='ocrx_word' id='word_1_329' title='bbox 446 4467 586 4522; x_wconf 83' lang='lat' dir='ltr'>Plutarchi</span> <span class='ocrx_word' id='word_1_330' title='bbox 604 4468 631 4522; x_wconf 90' lang='lat' dir='ltr'>in</span> <span class='ocrx_word' id='word_1_331' title='bbox 645 4469 833 4525; x_wconf 85' lang='lat' dir='ltr'>Demosthenis</span> <span class='ocrx_word' id='word_1_332' title='bbox 853 4470 909 4524; x_wconf 85' lang='lat' dir='ltr'>vita</span> <span class='ocrx_word' id='word_1_333' title='bbox 928 4471 1049 4527; x_wconf 80' lang='lat' dir='ltr'>lontibus</span> <span class='ocrx_word' id='word_1_334' title='bbox 1061 4485 1093 4526; x_wconf 87' lang='lat' dir='ltr'>ec</span> <span class='ocrx_word' id='word_1_335' title='bbox 1105 4469 1165 4530; x_wconf 76' lang='lat' dir='ltr'>ode.</span> <span class='ocrx_word' id='word_1_336' title='bbox 1198 4471 1370 4547; x_wconf 81' lang='lat' dir='ltr'>Programrna</span> <span class='ocrx_word' id='word_1_337' title='bbox 1383 4472 1516 4548; x_wconf 80' lang='lat' dir='ltr'>gymnasii</span> 
     </span>
     <span class='ocr_line' id='line_1_39' title="bbox 279 4557 898 4624; baseline 0.006 -14"><span class='ocrx_word' id='word_1_338' title='bbox 279 4557 441 4622; x_wconf 77' lang='lat' dir='ltr'>Guilelmipi</span> <span class='ocrx_word' id='word_1_339' title='bbox 455 4560 627 4622; x_wconf 81' lang='lat' dir='ltr'>Monacensis.</span> <span class='ocrx_word' id='word_1_340' title='bbox 667 4561 798 4622; x_wconf 78' lang='lat' dir='ltr'>Monachii</span> <span class='ocrx_word' id='word_1_341' title='bbox 822 4559 898 4624; x_wconf 71' lang='lat'>1880.</span> 
     </span>
    </p>
   </div>
   <div class='ocr_carea' id='block_1_13' title="bbox 0 0 1676 5124">
    <p class='ocr_par' dir='ltr' id='par_1_13' title="bbox 0 0 1676 5124">
     <span class='ocr_line' id='line_1_40' title="bbox 0 0 1676 5124; baseline 0 0"><span class='ocrx_word' id='word_1_342' title='bbox 0 0 1676 5124; x_wconf 95' lang='lat' dir='ltr'> </span> 
     </span>
    </p>
   </div>
  </div>
 </body>
</html>
