3314 5124
717 414 756 424 ..
806 377 937 442 38...

209 559 362 638 mutaret‚
390 560 435 638 ut,
460 575 541 644 quea
564 541 728 642 inpriore
751 553 927 622 Photianae
950 559 1042 642 parte
1066 557 1146 642 (485
1161 559 1185 620 ,b
1200 559 1240 621 41
1268 577 1322 642 sq3
1351 558 1420 622 486
1438 576 1458 614 a

212 665 358 749 14—25)
383 683 464 730 nunc
487 662 645 746 leguntur,
670 663 866 730 inextremo
882 661 951 729 leco
968 661 1149 745 collocaret,
1173 663 1296 749 reliqua
1311 683 1366 729 suc
1382 663 1458 729 loco·
1497 717 1507 744 Ι

209 791 272 838 non
288 776 446 839 moveret.
539 785 542 788 '
949 822 951 830 .
1189 829 1191 836 .
1307 829 1310 836 .

299 879 371 946 Hac
387 879 635 966 perscrutatione
652 878 743 947 finite
758 877 1037 944 themosthcnis
1052 879 1153 944 vitam
1168 877 1344 961 redeamus,
1368 881 1459 946 cuius

210 988 308 1054 verba
332 993 484 1072 φέρονται
507 987 538 1052 δ’
553 987 765 1065 adnecteret
789 990 823 1063 ξέ
846 989 937 1073 (288,
962 989 1044 1072 202)
1068 987 1108 1052 ob
1131 986 1212 1052 nihil
1233 986 1320 1054 alind
1339 987 1401 1053 nisi
1420 991 1460 1052 ut

212 1094 450 1182 biographiam
473 1099 597 1182 partem
622 1094 865 1162 clauderentex
888 1094 1054 1182 archetppi
1076 1097 1296 1182 prioreparte
1317 1094 1399 1162 hune
1423 1096 1458 1162 in

212 1203 317 1270 locum
340 1204 534 1289 transposita
558 1223 625 1270 esse
649 1203 729 1270 mihi
751 1203 905 1270 videntm.
946 1203 1011 1288 Sed
1033 1203 1100 1270 alia
1119 1224 1245 1290 quoque
1268 1224 1339 1269 eum
1362 1223 1458 1289 quem

213 1327 294 1378 nune
317 1309 565 1378 habent‘locum
588 1330 650 1376 non
673 1330 798 1396 semper
820 1311 959 1377 tonuisse
974 1313 1132 1378 nominem
1148 1313 1238 1394 fugit.
1278 1311 1360 1378 Sunt
1375 1312 1459 1377 eins·

149 1417 157 1432 “
213 1419 299 1494 modi
332 1419 430 1484 verba
459 1421 539 1501 284,
569 1421 702 1485 81-89
739 1417 847 1504 (Phot
877 1421 1132 1486 laabin-ao
1162 1419 1214 1486 cll.
1241 1421 1336 1505 aar)
1361 1422 1459 1505 etque
1490 1438 1492 1440 ’

213 1529 351 1614 primum
385 1528 500 1594 notitia
529 1526 567 1594 de
594 1531 737 1613 tempore
766 1525 1027 1612 Olynthiacarum
1062 1531 1238 1594 orationum
1250 1530 1284 1614 ¹).
1333 1527 1460 1594 Discre-

215 1637 325 1722 pantia
348 1633 662 1703 Pseudo-Plutarchi
685 1636 728 1722 (ζ’
752 1640 807 1702 καί,
827 1635 856 1700 λ’
881 1635 933 1721 ἔτη
960 1638 1111 1721 γεγονώς)
1140 1639 1173 1701 et
1196 1634 1304 1702 Phctii
1332 1636 1375 1720 (η’
1405 1636 1461 1710 καὶ

215 1743 246 1807 λ’
269 1741 346 1828 ἔτη),
371 1744 432 1810 nisi
455 1763 472 1808 e
495 1741 618 1809 librarii
641 1763 759 1824 errore,
784 1743 918 1810 fortasse
942 1742 1014 1810 inde
1038 1748 1109 1810 orta
1132 1748 1195 1826 est,
1225 1743 1309 1830 quod
1333 1764 1403 1810 cnm
1426 1746 1461 1809 in

215 1850 387 1937 archetypo
423 1850 582 1918 archontis
612 1849 801 1917 Callimachi
828 1871 942 1942 nomen
971 1851 1074 1920 solum
1101 1852 1273 1919 indicatum
1300 1855 1385 1942 esset
1418 1852 1461 1917 ab

216 1957 278 2025 alio
315 1957 395 2024 alim
430 1979 577 2026 numerus
605 1963 805 2046 computatus
833 1963 891 2026 est.
945 1958 1067 2026 Deinde
1095 1980 1157 2026 non
1186 1959 1284 2026 aliam
1305 1961 1462 2043 originem

217 2066 370 2132 duxerrmt
404 2087 484 2153 quae
515 2066 555 2132 de
583 2065 807 2154 Xenophonte,
842 2066 977 2163 Platone
1011 2068 1205 2136 adnotantur
1244 2069 1299 2155 (cf.
1329 2089 1359 2154 p.
1391 2069 1461 2154 36).

216 2173 358 2261 Philippi
386 2177 715 2244 commemorationem
740 2179 831 2262 (283,
857 2177 1025 2258 75-284,
1049 2177 1108 2262 81)
1137 2194 1274 2243 eausam·
1287 2176 1384 2242 finisse
1406 2197 1464 2242 no-

217 2284 308 2349 titias
330 2281 405 2348 illes
428 2277 516 2348 hunc·
533 2284 566 2351 in
588 2282 692 2350 locum
715 2283 941 2370 transponendi
964 2283 1094 2370 planum
1110 2288 1168 2352 est.
1208 2283 1272 2350 Sed
1287 2284 1365 2352 haec
1381 2305 1464 2370 quae

218 2391 259 2458 ab
294 2391 438 2460 omnibus
473 2391 567 2459 facile
602 2391 810 2461 concedentur
837 2391 879 2458 ad
905 2393 1164 2478 compositionem
1197 2390 1466 2458 Pseudo-Plutar-

219 2499 367 2569 cbearum
390 2502 528 2568 vitarum
544 2505 629 2569 recte
645 2501 893 2585 intellegendam
908 2501 1037 2568 minime
1053 2501 1264 2583 satisfaciunt,
1290 2499 1346 2568 sed
1361 2499 1465 2567 multo

218 2607 343 2691 longius
371 2629 443 2674 mea
470 2609 597 2694 quidem
619 2611 778 2678 sententia
800 2608 1061 2695 progrediendum
1084 2613 1135 2674 est
1156 2607 1197 2674 ad
1220 2609 1391 2694 pristinam
1414 2627 1467 2674 cr-

221 2716 350 2802 chetypi
374 2717 509 2782 fonnem
532 2718 636 2782 animo
660 2717 888 2784 restituendam
913 2715 1084 2798 aigradus
1107 2737 1166 2802 per
1186 2736 1264 2802 qnos
1288 2719 1375 2782 vitae
1392 2736 1467 2782 eam

221 2833 319 2910 quem
340 2844 421 2890 nunc
444 2823 598 2912 praebent
620 2824 758 2910 speciem
780 2823 948 2905 induerint,
973 2825 1158 2898 coniecturis
1182 2822 1405 2909 assequendos

311 2932 359 2999 De
388 2933 613 3019 compositione
641 2932 814 3019 archetypi
829 2930 931 3014 illius,
960 2931 1064 3020 qualis
1087 2931 1166 2998 mihi
1188 2932 1285 2998 fuisse
1308 2932 1465 3016 videatur,

223 3041 345 3108 abunde
381 3041 465 3108 dixi..
486 3041 556 3108 ‚En
592 3042 673 3108 varii
700 3042 824 3124 generis
853 3041 893 3106 ad
922 3044 1036 3108 atticos
1065 3044 1205 3108 oratores
1235 3040 1466 3126 pertinentibus

223 3150 350 3236 scriptis
367 3170 413 3232 ea,
431 3169 511 3235 quae
527 3148 568 3228 ad
583 3169 679 3236 opere
695 3169 802 3216 eorum
816 3147 1033 3231 intellegenda
1043 3149 1121 3214 sciri
1136 3149 1347 3214 necessarium
1363 3149 1467 3214 visum

192 3268 194 3272 ’
224 3261 329 3324 estet
353 3258 509 3324 orationes
531 3259 618 3344 ipsas
642 3261 675 3324 et
698 3258 782 3324 vites
804 3261 965 3324 oratorum
989 3258 1176 3343 spectantia,
1206 3254 1335 3322 Caecilii
1358 3259 1467 3322 aetate

223 3365 276 3432 vel
300 3369 411 3451 postea
433 3386 530 3429 unum
553 3366 586 3430 in
612 3379 723 3451 corpus
751 3363 881 3431 redacta
907 3368 982 3432 sunt
1009 3368 1104 3451 atque
1132 3367 1195 3446 ita,
1224 3368 1261 3430 ut
1287 3367 1468 3451 temporum

223 3494 388 3559 rerumque
411 3472 529 3538 ordinis
550 3473 802 3558 quem-maxima
816 3473 899 3538 ratio
915 3472 1093 3539 haberetur.
1133 3471 1196 3538 Sed
1211 3492 1251 3538 ne
1266 3472 1325 3540 hoc
1340 3471 1468 3558 quidem

225 3602 302 3667 opus
319 3602 366 3663 ea,
384 3603 480 3667 quam
495 3580 619 3667 reliqua
634 3585 779 3646 veterum
790 3582 919 3668 scripta,
936 3602 1127 3668 quamquam
1140 3580 1203 3646 alio
1215 3579 1318 3662 modo,
1336 3583 1469 3666 experta

226 3692 315 3770 sunt,
340 3689 466 3754 fortuna
489 3689 604 3755 caruit:
641 3687 873 3772 additamenta,
899 3688 1160 3775 interpolationes
1184 3688 1265 3754 varii
1288 3689 1411 3771 generis
1433 3689 1468 3754 in

226 3799 407 3864 contextum
423 3798 615 3863 invaserunt.
655 3795 817 3862 Eiusmodi
833 3798 917 3866 enim
933 3797 1039 3862 omnia
1059 3817 1097 3862 ea
1118 3816 1186 3862 esse
1208 3794 1287 3862 mihi
1310 3794 1467 3880 videntur,

226 3903 338 3991 quibus
374 3906 407 3968 et
441 3903 524 3989 apud
551 3900 905 3971 Pseudo-Plutarchum
936 3908 973 3970 et
1000 3903 1084 3990 apud
1111 3901 1261 3969 Photium
1289 3907 1470 3989 temporum

226 4031 391 4097 rerumque
436 4011 510 4077 ordo
554 4011 770 4098 perturbatur3
816 4013 862 4078 sic
905 4011 1007 4078 iudico
1050 4010 1089 4076 de
1126 4008 1255 4076 PsPlut.
1297 4013 1379 4093 282,
1425 4013 1467 4075 27

229 4121 321 4184 -30
345 4116 439 4184 Phot.
469 4121 573 4198 492¹>
602 4121 642 4186 37
652 4120 759 4200 -‚40,
788 4139 869 4204 quae
897 4117 995 4184 verba
1021 4122 1151 4204 propter
1178 4116 1357 4186 simillimos
1385 4122 1470 4184 tute·

226 4225 305 4292 laris
338 4225 556 4312 Midianaeque
591 4247 756 4294 causarum
790 4228 892 4292 exitus
927 4225 1022 4292 illata
1054 4225 1133 4290 mihi
1168 4225 1322 4292 videntur.
1379 4225 1470 4292 Idem

229 4333 330 4400 sentio
354 4333 392 4400 de
415 4332 543 4400 PsPlut.
570 4336 650 4418 282,
680 4335 823 4402 43-52
847 4331 939 4400 Phot.
966 4336 1031 4400 493
1054 4354 1071 4392 a
1094 4335 1234 4399 34-41
1262 4353 1342 4420 quae
1365 4331 1470 4400 locum

230 4491 445 4502 Ἥ

305 4568 325 4644 ¹>
344 4587 368 4626 v.
388 4572 547 4646 Seuppium,
567 4571 687 4645 G'o'tting.
708 4569 908 4626 celent-luz.
938 4567 1016 4626 1863.
1043 4586 1071 4642 p.
1092 4567 1279 4626 laer-1668.
