3314 5124
656 354 880 416 -21-

144 555 162 599 e
186 532 278 599 libris
302 532 456 615 hauserit,
485 533 694 598 internoscere
718 531 845 599 difficile
869 535 932 615 est,
961 533 995 598 in
1022 536 1289 620 comparationem
1317 556 1386 601 oum

107 724 112 740 N
143 640 283 708 Diodoro
307 661 419 707 vocare
442 637 529 706 nullo
553 640 645 706 modo
668 639 758 722 licet;
787 641 1033 723 δεισιδαιμονίας
1055 641 1141 708 illius
1168 641 1284 708 indicia
1311 664 1387 710 non-

143 747 237 814 nulla
252 769 327 814 sane
344 752 495 814 extante.
514 748 556 829 ΙΙ,
582 750 602 813 3
620 749 721 813 ταῦτα
738 751 794 812 τοῦ
820 745 999 833 Φιλομήλου
1022 749 1167 828 λέγοντος
1189 750 1247 815 οὐκ
1270 751 1387 830 ἐγένετο

144 857 283 922 ἀκούσιοι
312 859 354 942 τῷ
383 851 505 942 πλήθει
533 858 595 920 τῶν
621 858 772 931 Φωκέων,
800 857 861 918 εἴτε
890 856 946 941 τὴν
968 855 1094 942 γνώμην
1116 862 1204 941 σφίσι
1229 861 1284 922 τοῦ
1307 862 1388 923 θεοῦ

144 961 358 1048 βλάπτοντος,
382 967 443 1028 εἴτε
465 963 518 1026 καὶ
533 964 643 1038 αὐτοῖς
658 962 835 1047 πεφυκόσιν
849 962 1052 1050 ἐπίπροσθεν
1067 966 1225 1047 εὐσεβείας
1242 967 1280 1028 τὰ
1297 967 1388 1052 κέρδη

146 1077 328 1139 ποιεῖσθαι.
375 1075 452 1158 §ln
484 1070 665 1157 Ὀνομάρχῳ
688 1072 747 1154 μὲν
771 1073 857 1146 τέλος
880 1075 935 1138 τοῦ
962 1076 1032 1154 βίον
1061 1076 1203 1140 τοιοῦτον
1229 1072 1389 1162 ἐπήγαγεν

144 1181 164 1248 ὃ
189 1182 325 1264 δαίμων,
346 1181 458 1267 quibus
482 1183 579 1246 etiam
601 1179 789 1248 Onomarchi
812 1183 967 1248 somnium
990 1180 1065 1247 addi
1091 1186 1202 1268 potest,
1227 1184 1283 1250 sed
1305 1187 1332 1250 si
1355 1207 1388 1250 ro

145 1311 224 1358 vera
251 1288 424 1356 Pausanias
452 1288 583 1354 Diodori
615 1293 741 1355 auctore
777 1310 849 1355 usus
883 1293 966 1356 esset
994 1294 1062 1356 tam
1091 1290 1217 1357 exiliter
1247 1292 1388 1380 nudeque

147 1397 300 1464 Phalaeci
323 1400 457 1462 mortem
478 1417 548 1461 cum
569 1400 884 1462 commemoraturum
911 1397 1006 1464 inisse
1029 1398 1211 1466 incredibile
1228 1405 1287 1466 ast.
1327 1401 1390 1467 Sed

147 1506 379 1592 discrepantiae
402 1504 576 1570 Pausaniae
601 1526 620 1569 a
640 1504 797 1570 Diodorea
819 1507 998 1572 narratione
1022 1505 1191 1601 nonnullae
1214 1528 1276 1574 non
1300 1511 1390 1594 parvi

146 1615 301 1680 momenti
329 1613 536 1678 inveniuntur.
588 1610 729 1677 Primum
758 1614 841 1677 enim
869 1614 932 1678 iam
960 1618 1033 1700 post
1059 1614 1229 1682 Philomeli
1257 1621 1390 1682 mortem

147 1721 333 1807 Philippum
357 1741 426 1786 cum
451 1719 607 1786 Thebanis
630 1719 738 1786 foedus
761 1717 867 1786 iniisse
891 1719 1064 1788 Pausanias
1088 1728 1198 1790 contra
1218 1723 1390 1790 Diodorum

148 1829 252 1912 affert,
279 1828 389 1895 deinde
407 1827 672 1894 Onomarchuma
688 1829 751 1894 suis
769 1829 866 1915 ipsius
889 1829 1042 1897 militibus
1066 1852 1192 1897 caesum
1215 1852 1282 1898 esse
1306 1831 1391 1898 solus

146 1939 249 2006 tradit
273 1941 317 2024 (u.
337 1958 433 2023 supra
455 1959 486 2024 p.
506 1937 574 2022 15),
598 1940 666 2003 tum
682 1939 837 2003 somnium
852 1936 982 2026 Phaylli
998 1940 1038 2005 ab
1056 1939 1243 2007 Onomarohi
1259 1945 1390 2022 somnio,

147 2047 232 2136 quod
256 2045 341 2133 apud
358 2046 529 2112 Diodorum
553 2048 593 2132 (o.
611 2047 670 2131 33)
691 2045 816 2129 legitur,
841 2045 935 2133 plane
952 2047 1110 2114 diversum
1126 2069 1163 2114 ex
1180 2048 1289 2115 eodem
1306 2051 1392 2115 sonte

147 2157 274 2222 fluxisse
304 2156 359 2242 qui
381 2153 468 2220 Paclr
503 2154 564 2220 sibi
597 2157 790 2240 persuaserit
817 2176 879 2221 non
902 2176 1060 2242 assequor.
1109 2155 1194 2235 Quae
1218 2161 1286 2222 tum
1310 2157 1393 2243 apud
1427 2145 1429 2148 ⁵

147 2264 342 2331 Pausaniam
369 2267 541 2348 sequuntur
569 2262 621 2329 vel
656 2263 808 2329 eiusmodi
842 2267 916 2330 sunt
943 2268 979 2329 ut
1006 2263 1044 2330 de
1069 2266 1186 2348 origine
1210 2265 1289 2331 nihil
1314 2268 1391 2331 certi

149 2373 282 2440 iudicari
305 2372 408 2458 possit
430 2369 481 2436 vel
505 2370 584 2436 nihil
608 2391 679 2436 oum
702 2370 839 2437 Diodoro
863 2391 1025 2438 commune
1049 2373 1177 2439 habent.
1217 2373 1266 2439 De
1282 2372 1393 2440 Pacln'i

151 2481 348 2569 opinionibus
371 2479 447 2566 quid
469 2479 605 2565 amplius
629 2480 761 2565 proferri
784 2481 883 2565 possit
906 2499 968 2568 non
991 2481 1097 2563 video;
1121 2481 1345 2567 Demophilum
1373 2504 1393 2546 a

151 2589 288 2656 Diodoro
305 2588 483 2654 adhibitum
500 2607 568 2652 esse
584 2586 680 2652 nullis
697 2588 790 2652 certis
805 2585 856 2652 uel
874 2587 951 2654 adeo
967 2587 1183 2674 probabilibus
1200 2591 1393 2672 argumentis

156 2699 250 2762 cunei
279 2716 371 2782 posse
399 2696 478 2762 stis
505 2693 681 2760 luculenter
709 2693 971 2762 demonstravisse
999 2696 1077 2762 mihi
1097 2697 1213 2764 videor.
1257 2697 1392 2764 Transeo

156 2825 234 2870 nune
260 2804 301 2869 ad
329 2802 558 2890 Volquardseni
587 2804 797 2868 coniecturam
825 2825 844 2868 a
872 2802 1038 2871 Roesslero
1067 2809 1277 2871 sustentatam
1306 2805 1393 2891 quali

153 2912 355 2978 fundamento
388 2914 508 2977 nitatur
523 2912 714 2976 accuratius
741 2911 972 2996 inquirendam,
1009 2934 1071 2998 qua
1100 2914 1130 2978 in
1159 2935 1208 2992 re,
1245 2935 1314 2980 oum
1355 2915 1393 2980 dc

152 3021 287 3086 aliarum
316 3042 438 3107 quoque
461 3020 609 3086 Diodorei
638 3020 658 3084 l.
684 3018 763 3085 XVI·
788 3022 926 3105 partium
955 3020 1093 3087 fontibus
1116 3021 1316 3088 iudicandum
1341 3024 1392 3104 sit,

152 3149 259 3196 omncs
283 3125 421 3194 monitos
445 3149 513 3196 esse
536 3127 623 3209 volo,
652 3131 852 3214 quaestiones
876 3149 930 3194 eas
964 3149 1042 3215 quas
1071 3131 1227 3212 attingam
1256 3151 1294 3194 ex
1323 3151 1395 3194 mea

152 3239 311 3304 sententia
334 3239 398 3302 iam
422 3237 564 3304 hocloco
581 3237 731 3303 adfinem
749 3236 916 3324 perducere
932 3257 993 3302 non
1008 3237 1087 3302 mihi
1103 3239 1298 3323 propositum
1315 3257 1391 3303 esse.

243 3345 386 3412 Conieeit
412 3347 461 3411 vir
489 3345 686 3412 doctissimus
697 3345 736 3429 ¹),
773 3344 875 3410 colore
907 3339 1096 3410 narrationis
1132 3365 1202 3430 epp.
1240 3347 1393 3426 28-40,

152 3455 288 3519 56-64
312 3453 445 3519 eundem
468 3452 600 3520 indicari
624 3457 792 3534 auctorem,
818 3453 866 3519 cui
890 3453 1028 3518 narratio
1053 3456 1093 3539 (o.
1120 3455 1177 3538 78)
1202 3452 1240 3518 de
1264 3452 1394 3519 Thrasio

151 3561 255 3628 milite
285 3561 434 3648 Delphici
461 3561 574 3647 templi
602 3560 800 3647 spoliationis
831 3563 984 3647 participe
1018 3560 1196 3641 deberetur,
1232 3559 1393 3626 Timaeum

151 3671 466 3753 Tauromenitanum,
502 3690 595 3756 quem
630 3671 737 3755 paucis
771 3667 848 3733 loeis
876 3669 1014 3754 exceptis
1041 3671 1074 3734 in
1101 3668 1190 3733 libris
1218 3667 1395 3733 Xl-XVI

151 3781 278 3846 unicum
303 3778 441 3844 Diodoro
458 3777 634 3844 Sicularum
656 3797 761 3842 rerum
785 3780 943 3841 auctorem
967 3776 1062 3840 tuisse
1087 3776 1203 3841 eruisse
1227 3774 1287 3840 sibi
1310 3777 1395 3840 visus

151 3891 213 3970 est,
238 3908 335 3974 quam
358 3889 547 3952 sententiam
564 3884 625 3951 Ad.
643 3883 775 3970 Holm2)
792 3885 910 3970 primus
926 3885 974 3948 ita
989 3885 1194 3969 impugnavit,
1220 3886 1256 3948 ut
1271 3887 1396 3969 praeter

151 3995 318 4062 Timaeum
343 3994 422 4060 alios
445 4015 567 4082 quoque
590 3994 756 4060 historicos
780 3992 953 4058 aDiodoro
977 3997 1143 4079 usurpatos
1168 4013 1234 4060 esse
1252 3991 1396 4074 diligenti

152 4106 344 4190 scriptorum
368 4105 601 4190 comparatione
624 4122 695 4169 cum
723 4103 756 4166 in
783 4100 912 4189 reliquis
941 4100 1084 4187 partibus
1112 4104 1180 4166 tum
1208 4103 1240 4166 in
1269 4120 1306 4165 ea
1333 4119 1396 4186 qua

233 4377 240 4408 l

232 4377 253 4536 ’l
271 4377 435 4523 1(leslelloichte
449 4467 571 4522 Siciliens
590 4468 627 4520 im
641 4466 806 4531 Alterthum‚
826 4462 945 4532 10870)
964 4482 991 4534 p.
1011 4464 1073 4531 316,
1092 4466 1118 4518 11
1131 4463 1224 4531 (1876)
1245 4463 1395 4519 ato-382.

158 4561 199 4616 of.
220 4561 301 4614 ctiam
319 4559 462 4623 Broccker,
481 4558 724 4629 Untersuehungen
743 4557 811 4610 fiber
829 4556 937 4612 Diodor.
978 4555 1056 4609 1879.
1092 4572 1119 4624 p.
1140 4555 1173 4608 21
1194 4571 1235 4625 sqz
