3314 5124
768 359 989 424 ..44-

258 537 431 606 Plutarcho
456 560 481 606 c.
508 543 528 605 6
557 539 746 607 rhetoricam
775 539 933 608 cilicinam
960 538 1105 610 redolent
1126 540 1253 608 Libanii
1280 542 1358 608 haec
1388 542 1498 608 verba:

257 650 339 732 μετὰ
360 653 467 731 μέντοι
492 649 622 724 τούτους
646 650 718 724 τοὺς
740 647 867 726 ἀγῶνοις
890 648 994 732 βραχὺ
1017 652 1053 739 ιη
1074 649 1178 735 ἡλικίᾳ
1202 651 1378 736 προελθών
1403 669 1500 734 σοφι-

258 755 380 820 στεύειν
394 757 599 843 ἐνεχείρησεν,
614 759 670 820 alt’
686 755 886 835 ἀπαλλαγείς
902 756 1015 820 τούτου
1030 757 1241 844 συνηγόρησεν
1255 758 1501 844 ίνιίιιιασιηρίηι,

259 864 383 938 τούτοις
405 865 436 929 δ’
459 860 566 951 ὥσπερ
588 869 772 948 γυμνασίοις
794 864 1068 950 χρησάμενοςέπὶ
1093 867 1128 929 τὸ
1154 867 1353 951 δημαγωγιίν
1380 869 1434 930 καὶ
1462 868 1501 930 ιὰ

260 975 313 1058 τῆς
334 972 461 1046 πόλεως
483 971 637 1059 πράττειν
658 969 772 1059 ἦλθεν.
926 972 929 979 ’

349 1078 435 1158 Quae
458 1085 526 1146 tum
549 1080 588 1147 de
604 1081 743 1167 corporis
759 1080 846 1147 vitiis
861 1079 1087 1168 rhetoricisque
1102 1081 1216 1148 studiis
1232 1081 1316 1168 apud
1331 1081 1501 1148 Libanium

258 1187 499 1274 subsequuntur,
524 1210 714 1282 quamquam
736 1189 829 1276 plura
849 1189 946 1254 aliam
962 1190 1097 1256 formam
1112 1189 1275 1276 praebent,
1300 1194 1408 1256 tammr
1423 1192 1500 1277 quin

259 1294 455 1363 adeundam
478 1297 519 1362 ad
542 1319 637 1384 quum
660 1297 762 1364 adhuc
785 1302 925 1364 tractata
946 1297 1078 1364 redeant
1100 1299 1234 1386 stirpem
1256 1297 1337 1364 nihil
1361 1298 1499 1364 dubitmi

259 1408 374 1491 potest.
413 1404 522 1473 Priore
545 1411 637 1493 parte
660 1406 808 1474 absoluta
823 1406 973 1473 Liberius
997 1407 1050 1492 qui
1073 1411 1152 1488 tum,
1176 1427 1247 1474 cum
1268 1406 1500 1474 Demosthenes

259 1513 292 1577 in
313 1511 446 1598 publicis
466 1514 559 1580 rebus
575 1515 694 1581 versari
709 1513 933 1598 ingrederetur,
959 1512 1149 1580 Graecamm
1166 1533 1270 1580 rerum
1286 1515 1382 1581 fuerit
1396 1519 1501 1582 status

260 1620 431 1706 explanare
445 1623 566 1709 incipit,
592 1623 630 1689 de
646 1645 709 1710 qua
725 1627 825 1710 parte,
849 1642 921 1688 cum
937 1624 1005 1688 vita
1020 1643 1082 1690 non
1098 1624 1222 1706 integra
1236 1624 1277 1689 ad
1292 1643 1350 1690 nos
1366 1625 1498 1706 venerit,

258 1729 338 1794 nihil
353 1731 490 1796 iudicare
506 1731 591 1798 licet.
632 1731 773 1797 Duamm
789 1731 887 1814 igitur
902 1731 1039 1796 vitarum
1055 1731 1250 1817 comparatio
1265 1751 1302 1797 eo
1322 1750 1379 1798 nos
1402 1731 1498 1814 ducit,

258 1840 294 1902 ut
310 1839 348 1921 ei,
373 1859 466 1925 quam
483 1840 566 1906 inter
581 1837 925 1906 Pseudo-Plutarcheas
940 1837 1175 1925 Photianasque
1191 1839 1384 1906 intercedere
1405 1861 1500 1927 supra

259 1947 511 2032 comprobavisse
534 1948 613 2013 mihi
636 1947 753 2029 videor,
778 1949 894 2039 reticui
916 1943 1088 2014 consimilis
1112 1949 1194 2014 inter
1216 1947 1380 2016 Plutarchi
1404 1949 1499 2016 Liba

259 2054 365 2140 niique
389 2057 471 2122 vitas
494 2056 665 2124 statuenda
687 2058 738 2123 sit.
940 2040 941 2043 Ἴ

348 2163 439 2230 Nunc
467 2165 531 2230 iam
556 2166 588 2230 in
610 2162 775 2230 Plutarchi
798 2167 866 2230 vita
889 2163 1098 2231 examinanda
1120 2185 1253 2251 pergens
1277 2185 1385 2232 omnes
1410 2188 1499 2254 prae-

259 2273 395 2339 monitos
419 2293 488 2339 esse
512 2273 594 2356 volo,
619 2271 821 2339 Gebhardum
844 2271 1034 2339 sententiam
1058 2293 1129 2338 eam
1153 2272 1231 2338 mihi
1254 2291 1316 2340 non
1338 2274 1497 2360 probasse,

258 2401 323 2466 qua
345 2382 564 2467 cpp.12-27
590 2401 640 2448 res
662 2381 747 2446 domi
767 2380 964 2468 militiaeque
979 2384 1095 2464 gestas,
1120 2401 1233 2463 mores,
1256 2381 1360 2468 quoad
1377 2382 1417 2448 ad
1433 2403 1499 2448 rem

259 2489 416 2576 publicam
441 2491 648 2576 pertinerent,
677 2492 725 2556 ita
747 2490 881 2557 describi
904 2490 1115 2570 existimavit,
1145 2495 1181 2555 ut
1203 2509 1242 2556 ex
1268 2491 1425 2577 „stirpe“,
1450 2493 1498 2558 cui

258 2619 328 2684 epp.
354 2599 475 2680 5-11,
503 2601 633 2666 28-31
660 2599 833 2664 maximam
857 2602 980 2685 partem
1005 2597 1110 2662 deberi
1134 2598 1164 2663 ei
1187 2599 1256 2664 visa
1278 2603 1352 2664 sunt
1375 2621 1498 2686 quaque

146 2751 157 2758 -
257 2706 455 2793 respublica
479 2711 587 2791 gestae
612 2707 795 2773 brevissime
819 2704 1027 2771 adumbratae
1050 2709 1165 2786 essent,
1192 2707 1322 2772 notitias
1345 2706 1498 2793 quasdam

257 2817 467 2901 transpositas
491 2835 558 2881 esse
582 2817 750 2901 appareret
773 2815 818 2899 (p.
839 2814 905 2897 16).
945 2811 1156 2880 Diversitates
1179 2815 1263 2879 enim
1286 2835 1365 2899 quas
1389 2814 1498 2882 doctus

258 2924 306 2988 vir
328 2923 412 2989 inter
434 2943 504 3010 cpp.
530 2911 655 3004 5-11',
686 2923 816 2988 28-31
844 2925 877 2988 et
899 2941 969 3008 cpp.
995 2925 1031 3003 4,
1063 2924 1192 2988 12-27
1218 2923 1347 3005 statuit,
1373 2928 1498 3010 praeter

258 3053 352 3096 unam
375 3031 492 3098 nullius
515 3031 668 3098 momenti
695 3034 778 3096 sunt.
826 3029 955 3096 Summo
983 3031 1089 3096 autem
1117 3031 1183 3096 iure
1207 3029 1419 3114 Roesigerum·
1440 3033 1498 3098 im·

258 3141 425 3226 pugnavit,
455 3141 509 3227 qui
532 3137 738 3206 Plutarchum
762 3139 827 3204 fere
851 3139 957 3203 omnia
982 3157 998 3203 a
1027 3137 1165 3206 lontibus
1193 3139 1258 3204 suis
1285 3141 1496 3226 exscripsisse,

257 3247 337 3314 nihil
360 3247 425 3313 fere
448 3268 466 3313 e
489 3269 546 3313 sua
568 3247 667 3334 ipsius
692 3245 835 3312 doctrina
861 3245 1007 3312 attulisse
1036 3248 1182 3332 opinatus
1211 3250 1274 3328 est,
1304 3246 1360 3312 sed
1387 3246 1497 3314 ardore

258 3354 354 3422 verba
368 3353 541 3438 Plutarchi,
566 3360 840 3442 quantumcunque
864 3354 931 3420 fieri
953 3357 1069 3441 potest,
1094 3353 1351 3422 eDemosthenis
1365 3353 1497 3421 Aeschi-

257 3465 367 3550 nisque
390 3465 582 3542 orationibus
606 3462 768 3530 derivandi
790 3482 827 3530 eo
851 3462 999 3549 abreptus
1023 3467 1082 3545 est,
1106 3467 1143 3528 ut
1165 3464 1229 3528 fere
1250 3463 1357 3528 omnia
1372 3483 1411 3528 ea
1425 3483 1496 3530 cum

257 3572 474 3639 historicorum
504 3573 725 3658 rhetorumque
753 3571 959 3638 relationibus
988 3569 1200 3637 ePluterchc
1230 3572 1309 3657 ipso'
1322 3573 1498 3657 composita

258 3701 325 3746 esse
349 3681 536 3767 persuadere
559 3681 650 3748 nobis
673 3679 823 3746 studeret.
870 3677 956 3757 Quae
979 3679 1076 3763 igitur
1098 3678 1176 3746 mihi
1200 3677 1239 3744 de
1263 3680 1413 3745 intricata
1438 3680 1497 3746 hac

257 3788 440 3876 quaestione
463 3811 483 3854 a
505 3787 673 3856 Gebhardo
697 3779 821 3855 summa
843 3807 914 3854 eum
938 3808 1011 3853 eure
1038 3791 1178 3854 tractata
1206 3785 1386 3868 videantur,
1416 3807 1497 3854 nunc

257 3896 380 3984 plenius
393 3899 589 3982 expositums
601 3919 679 3963 sum.
716 3895 905 3963 Plutarchus
917 3899 1085 3988 postquam
1097 3895 1136 3960 de
1148 3913 1270 3978 genere,
1287 3895 1495 3978 institutione,

257 4005 402 4072 oratoriis
426 4004 538 4072 studiis
561 4005 783 4072 Demosthenis
807 4026 844 4070 ex
867 4004 1026 4070 uberrima
1048 4003 1183 4068 materia
1210 4023 1235 4068 c.
1262 4007 1379 4068 4-11
1412 4025 1497 4070 eom-

258 4114 376 4202 posuit,
405 4112 477 4180 inde
506 4135 526 4178 a
552 4133 578 4180 c.
606 4117 662 4195 12,
692 4113 724 4180 id
748 4113 830 4201 quod
854 4113 956 4179 solum
981 4113 1009 4176 ei
1033 4111 1184 4198 principio
1207 4113 1403 4198 propositum
1428 4117 1497 4177 erat

258 4227 297 4309 (c.
329 4223 380 4309 3),
416 4223 485 4288 ἀπὸ
515 4225 576 4286 τῶν
603 4221 752 4309 πράξεων
777 4221 831 4286 καὶ
859 4225 911 4307 τῆς
939 4221 1100 4294 πολιτείας
1127 4239 1230 4286 mores
1258 4220 1392 4285 cratoris
1428 4239 1496 4285 sese

257 4330 489 4398 illustretumm
518 4351 585 4397 csse
614 4331 682 4417 ipse
710 4330 884 4417 profitetur.
937 4327 1043 4414 Atque
1072 4329 1252 4414 priusquam
1281 4327 1322 4393 ad
1355 4326 1496 4410 singulas

257 4459 307 4504 res
330 4441 483 4506 memoria
505 4438 660 4526 imprimis
683 4438 794 4523 dignas
817 4436 1009 4505 enarrandas
1032 4438 1184 4518 transeat,
1209 4437 1241 4503 in
1261 4437 1440 4502 universum
1457 4433 1495 4501 de

257 4546 431 4617 rationibus
454 4546 702 4619 eDemosthene
725 4547 758 4617 iu
780 4546 874 4618 rebus
897 4543 1021 4636 publice
1042 4543 1185 4633 gerendis
1201 4543 1352 4611 adhibitis
1368 4543 1496 4614 disserit
