3314 5124
777 341 999 414 ...43..

266 529 301 595 el
323 532 523 617 χαρίεντες
547 527 702 594 ταπεινὸν
725 527 778 592 καὶ
800 524 931 606 ἀγεννὲς
954 525 1053 600 αὐτοῦ
1075 525 1110 590 ud
1133 524 1271 611 πλάσμα
1293 527 1346 592 καὶ
1359 523 1513 611 μαλακόν
1626 521 1627 528 '

265 640 331 703 κτλ.
360 679 403 688 -
432 638 470 704 ln
498 657 524 704 c.
555 640 596 702 27
626 635 737 702 fabula
772 655 824 718 ea,
860 655 941 721 queo
976 633 1141 700 simillima
1175 635 1276 701 forma
1309 635 1343 701 in
1369 634 1511 702 Pseudo·
1627 730 1628 739 ἵ

265 745 429 812 Plutarchi
456 744 624 811 Aeschinis
652 746 720 810 vita
747 745 845 809 8450
874 741 913 808 (16
941 741 1121 809 adversario
1149 741 1374 810 Demosthenis
1407 747 1509 827 extat,
1624 750 1629 781 ¹

266 854 321 922 sed
348 856 414 922 sine
444 854 537 921 dubio
566 852 772 919 Demostheni
802 852 899 938 priori
927 851 1087 932 adhaesit,
1123 873 1143 916 a
1171 851 1324 918 relatione
1353 849 1412 918 illa
1444 853 1510 918 iam

266 965 391 1051 penitus
415 967 492 1028 nota
514 982 577 1028 non
599 961 756 1042 abhorret,
781 980 820 1026 ne
837 959 875 1026 de
891 958 978 1026 exilii
993 961 1172 1026 narratione
1190 964 1223 1025 et
1238 959 1509 1046 apophthegmata

265 1070 488 1137 Demosthenis
513 1069 610 1136 verba
632 1069 757 1135 faciam.
797 1066 891 1136 Ultra
913 1087 939 1134 6.
958 1070 1001 1155 26
1026 1068 1160 1151 vestigia
1183 1067 1319 1135 auctoris
1342 1067 1429 1134 illius
1445 1089 1509 1134 non

265 1183 389 1266 patent,
416 1180 514 1244 immo
537 1198 607 1265 epp.
634 1180 674 1242 27
700 1197 749 1264 sq.¹
773 1175 871 1242 aliam
894 1177 1046 1259 originem
1070 1176 1196 1242 duxisse
1218 1175 1384 1243 verborum
1407 1180 1508 1259 tenor,

265 1289 298 1354 ni
325 1285 434 1369 fallor,
463 1289 532 1373 ipse
559 1284 808 1352 luculentissime
836 1283 983 1351 ostendit.
1032 1282 1110 1371 Gpp.
1137 1287 1176 1348 21
1208 1287 1241 1350 et
1265 1287 1307 1348 22
1336 1287 1508 1350 maximam

265 1394 392 1482 quidem
420 1399 545 1483 partem
574 1415 593 1458 a
615 1391 787 1458 Plutarcho
815 1395 884 1478 ipso
913 1412 951 1458 ex
973 1391 1196 1459 Demosthenis
1219 1391 1448 1479 Aeschinisque
1476 1396 1507 1459 in

267 1502 494 1590 Ctesiphontea
525 1522 621 1569 cause
655 1503 844 1587 scriptarum
879 1501 1056 1567 orationum
1090 1499 1194 1566 studio
1229 1501 1407 1587 composita
1441 1521 1504 1567 esse

267 1611 367 1677 videri
382 1609 549 1677 Gebhardo
567 1613 612 1696 (p.
630 1612 775 1690 46-48,
801 1609 859 1694 50)
875 1607 1084 1674 libentissime
1101 1607 1250 1691 concedo;
1268 1628 1294 1674 c.
1313 1611 1356 1674 24
1373 1608 1502 1674 alteram

266 1723 391 1806 partem
419 1717 520 1784 eidem
550 1719 599 1784 eui
628 1737 653 1783 c.
682 1717 722 1781 15
752 1715 858 1782 deberi
885 1715 1031 1782 relationi
1054 1715 1108 1782 cll.
1133 1703 1261 1782 PsPlut.
1287 1719 1352 1783 840
1376 1737 1403 1783 c.
1429 1719 1507 1784 veri·

267 1826 465 1895 simillimum
489 1830 548 1892 est.

355 1934 545 2001 Plutarchus
568 1936 665 2018 igitur
687 1953 714 1999 c.
740 1935 783 1998 26
810 1937 969 2000 auctorem
996 1934 1030 1999 in
1053 1932 1277 2000 Demosthenis
1307 1936 1407 2000 vitam
1437 1953 1509 2001 con-

266 2047 348 2112 vicia
371 2043 572 2129 undecunque
597 2046 816 2126 congerentem
842 2034 977 2125 dimisit,
1006 2045 1042 2108 ut
1069 2041 1200 2108 ultimas
1229 2046 1363 2109 oratoris
1391 2063 1443 2109 res
1472 2063 1508 2108 ex

267 2174 318 2236 ec,
348 2173 409 2239 quo
438 2151 641 2239 potissimum·
666 2150 744 2217 duce
773 2149 811 2215 de
839 2151 988 2236 pueritia,
1018 2149 1057 2216 de
1085 2150 1273 2234 eruditione,
1303 2153 1507 2233 orationibus,

267 2261 400 2348 publicis
424 2260 598 2327 rationibus
622 2259 826 2340 disseruerat,
856 2259 942 2324 sonte
970 2261 1146 2325 accuratius
1174 2263 1353 2346 exponeret.
1402 2258 1508 2346 Atque

267 2370 349 2436 hunc
374 2373 534 2435 auctorem
547 2351 608 2434 res
631 2366 755 2454 publice
779 2365 1026 2433 eDemosthene
1047 2369 1155 2450 gestas
1176 2369 1304 2433 minime
1320 2367 1506 2451 neglexisse,

268 2500 338 2567 cpp.
358 2480 490 2544 16-18
514 2477 700 2543 documento
724 2479 798 2542 sunt
821 2496 901 2562 quae
925 2475 1007 2562 quod
1031 2475 1162 2543 diversis
1184 2477 1358 2560 assignavit
1373 2479 1508 2542 auctori-

266 2587 324 2654 bus
339 2586 489 2669 ltoesiger
514 2587 559 2672 (p.
578 2586 637 2669 41)
661 2603 722 2648 non
742 2582 857 2650 leviter
873 2583 999 2648 erravit.
1040 2581 1199 2666 Gebhard,
1224 2583 1279 2670 qui
1295 2586 1340 2670 (p.
1360 2585 1506 2669 36-43)

172 2775 180 2784 ἱ
267 2696 478 2762 minutissima
494 2713 568 2759 cura
583 2691 708 2774 singula
727 2711 869 2778 quaeque
890 2690 934 2756 ad
950 2689 1172 2758 Demosthenis
1188 2691 1415 2778 Aeschinisque
1440 2713 1507 2758 ora-

266 2806 369 2870 tiones
392 2802 595 2883 examinavit,
620 2820 646 2866 c.
666 2803 707 2864 12
732 2800 836 2867 verbis
860 2798 986 2865 collatis
1007 2803 1127 2866 certum
1148 2799 1305 2887 quendem
1322 2797 1506 2887 scriptorem

268 2910 473 2978 aPlutarcho
494 2912 527 2975 in
546 2930 574 2976 c.
594 2912 633 2973 17
661 2907 889 2975 conscribendo
905 2907 1083 2974 adhibitum
1106 2929 1175 2974 esse
1197 2912 1281 2975 recte
1305 2909 1429 2990 statuit,
1454 2907 1506 2974 sed

267 3019 430 3087 consensui
457 3016 621 3084 Plutarchi
650 3037 720 3084 cum
749 3017 925 3082 orationum
954 3016 1073 3099 verbis,
1102 3009 1257 3103 imprimis
1285 3015 1506 3083 Demosthenis

268 3127 401 3217 (XVIII,
427 3130 569 3208 79-87,
588 3128 731 3208 87-94,
750 3127 825 3206 244,
844 3127 925 3210 237)
940 3127 1072 3191 nimium
1088 3125 1209 3192 tribuit.
1249 3124 1431 3192 Tenendum
1449 3129 1505 3206 est,

267 3237 368 3302 tribus
402 3257 472 3323 cpp.
504 3237 644 3300 16-18
679 3236 864 3320 praecipuas
898 3243 948 3298 tes
984 3236 1057 3298 ante
1087 3231 1337 3299 Ohaercnensem
1369 3253 1506 3319 pugnam

269 3349 374 3428 gestas
398 3342 619 3431 comprehendi
635 3346 687 3424 ut,
712 3363 806 3428 quam
831 3342 927 3418 ἀξίως
943 3339 1133 3408 Graecorum
1157 3341 1294 3408 salutem
1317 3363 1337 3407 a
1359 3339 1507 3428 Philippo

268 3473 341 3535 rege
365 3451 540 3518 defenderit
555 3449 796 3531 Demosthenes,
821 3468 915 3535 quern
939 3449 1124 3516 clarissimis
1148 3447 1302 3536 exemplis
1319 3448 1506 3530 illustretur,

269 3581 348 3646 quae
372 3561 400 3625 si
423 3582 442 3624 a
463 3558 675 3626 Demosthene
698 3559 767 3644 ipso
790 3577 913 3644 quoque
936 3577 973 3624 ac
995 3557 1168 3624 simillimis
1192 3559 1296 3625 verbis
1320 3577 1508 3625 commemo-

268 3672 357 3734 ratae
386 3663 585 3734 inveniuntdr
614 3665 786 3733 cavendum
815 3669 865 3732 est
893 3687 931 3732 ne
959 3668 1066 3734 omniu
1088 3665 1252 3734 Plutarchi
1280 3667 1376 3734 verba
1404 3688 1421 3732 e
1445 3667 1508 3734 De·

268 3775 432 3841 mosthene
458 3795 543 3841 mere
572 3776 747 3861 composita
766 3775 1002 3842 existimentur.
1050 3775 1131 3842 llum
1158 3776 1358 3862 scriptorem,
1386 3776 1441 3862 qui
1470 3775 1507 3840 de

269 3884 409 3950 oratoria
432 3883 605 3949 eruditione
626 3886 693 3947 tam
709 3882 836 3948 uberem
852 3883 1020 3949 materiam
1036 3884 1276 3968 conquisiverat,
1302 3883 1508 3952 Demostheni

269 3993 377 4079 utique
401 3992 560 4058 faventem
583 3991 616 4055 in
640 3989 900 4076 praeclarissimis
924 3992 991 4058 eius
1015 3990 1107 4057 rebus
1132 3991 1314 4058 enarrandis
1343 3992 1384 4058 ad
1412 3992 1509 4059 verba

269 4101 335 4164 eius
362 4101 460 4187 ipsius
489 4099 655 4164 recurrisse
684 4101 925 4165 consentaneum
954 4103 1018 4182 est3
1055 4121 1096 4164 an
1131 4099 1216 4166 solus
1243 4099 1433 4168 Plutarchus
1468 4099 1507 4166 ad

269 4206 505 4273 describendam
528 4207 713 4273 societatem
737 4194 926 4274 Graecorum
950 4210 1076 4294 praeter
1098 4206 1263 4274 Thebanos
1286 4209 1425 4275 omnium
1445 4206 1508 4273 De·

268 4313 443 4381 mosthenis
466 4335 561 4401 opera
584 4336 612 4380 a.
632 4318 696 4382 340
720 4314 847 4380 ineunte
869 4313 999 4381 tandem
1023 4316 1196 4402 perlectam
1219 4336 1291 4382 eum
1307 4315 1421 4397 locum,
1446 4333 1506 4402 quo

270 4427 376 4489 orator
399 4423 466 4509 ipse
490 4421 626 4488 Graecas
654 4425 801 4490 civitates
830 4427 905 4489 aute
927 4421 1180 4491 Chaeronensem
1207 4445 1346 4512 pugnam
1374 4422 1507 4490 foederis

269 4530 356 4599 illius
380 4533 550 4622 participes
571 4531 625 4619 (de
646 4552 707 4599 cor.
726 4533 806 4617 237)
824 4533 1028 4615 enumerarit,
1054 4532 1234 4600 adhibuisse
1250 4531 1422 4600 censendus
1438 4531 1506 4600 est?
