3314 5124
156 555 326 642 lustrabit,
354 557 435 624 fieri·
451 577 515 624 non
542 556 661 646 p'oten't
679 557 764 644 ¹quin
791 555 907 622 indicia
933 554 993 622 illa'
1015 553 1054 623 de
1077 555 1192 640 ignavo
1216 553 1313 624 etad
1335 577 1403 624 mn-

159 690 269 735 nerum
293 667 487 756 corruptelas
511 687 665 755 propenso
692 666 916 733 Demosthenis
940 667 1044 732 animo
1069 667 1103 732 in
1130 668 1309 733 universum
1332 685 1403 753 pro

159 780 306 843 nuntiata
341 779 470 843 famosis
505 775 658 862 exemplis
693 773 872 861 eisdemque
906 775 970 840 fere
994 775 1098 840 verbis
1122 775 1326 861 comprobata
1357 777 1404 840 in-

161 887 277 951 veniat.
319 884 420 962 Quam
443 903 511 949 rem
535 881 733 949 ePlutarchi
756 883 881 965 ingenio
905 880 1063 968 explicare
1079 884 1208 948 minime
1223 882 1315 965 licet;
1340 885 1403 969 pri-

159 1015 246 1059 mum
269 994 354 1060 enim
377 991 437 1058 illa
459 1013 485 1059 e.
513 995 555 1057 14
578 991 693 1058 iudicia
716 1013 736 1056 a
758 991 910 1077 scriptore
933 990 1070 1077 quodam
1093 992 1195 1077 petita
1217 1012 1285 1058 esse
1308 1013 1404 1078 supra

161 1101 312 1183 vidimuS,
348 1101 460 1167 deinde
488 1098 678 1166 Plutarchus
713 1121 802 1165 suam
836 1100 935 1184 ipsius
970 1101 1160 1164 sententiam
1193 1098 1259 1165 illis
1287 1099 1403 1166 diserte

161 1210 293 1296 opponit
316 1209 438 1291 (ἐπείγε
460 1209 541 1294 κτλ).
582 1207 671 1285 Quod
694 1227 769 1274 vero
792 1205 981 1274 Plutarchus
1005 1227 1085 1290 eum,
1111 1208 1198 1274 euius
1217 1206 1403 1274 relationem

160 1322 234 1382 ante
262 1315 503 1402 reprobaverat,
540 1315 640 1382 denuo
670 1315 756 1380 adire
784 1335 848 1380 non
874 1315 993 1400 veritus
1022 1319 1085 1396 cst,
1121 1335 1159 1380 ne
1183 1317 1253 1401 quis
1276 1319 1402 1382 nostrae

159 1427 335 1491 sententiae
365 1428 582 1509 argumentum
612 1427 760 1510 opponat,
788 1443 851 1490 non
877 1424 985 1490 timeo.
1036 1421 1084 1488 Ea
1111 1425 1178 1489 sine
1207 1423 1300 1490 dubio
1319 1422 1402 1490 *Plu-

157 1533 269 1600 tarcho
294 1533 486 1600 commodior
502 1534 571 1598 visa
586 1531 774 1613 estmlatio,
798 1552 889 1618 quae,
914 1531 1107 1598 orationibus
1122 1530 1402 1618 historicorumque

160 1640 249 1708 libris
284 1643 369 1723 nisa,
405 1640 446 1707 ad
481 1642 581 1708 vitam
616 1659 781 1726 moresque
812 1639 1034 1706 Demosthenis
1068 1639 1273 1706 illustrandos
1307 1662 1403 1726 quarn

160 1751 296 1814 maxime
332 1749 478 1815 idoneam
491 1771 492 1774 ¹
507 1748 724 1835 suppeditavit
750 1749 926 1814 materiam.
974 1745 1081 1834 Atque
1109 1748 1225 1814 indicia
1252 1747 1403 1815 malevoli

160 1857 245 1924 illius
270 1859 407 1924 auctoris
430 1856 508 1922 haee
531 1857 739 1922 inveniuntur.
786 1855 825 1920 In
848 1876 874 1921 c.
900 1857 943 1920 20
967 1854 1207 1938 Demosthenes,
1235 1856 1403 1923 alacritate

161 1963 350 2032 Graecorum
380 1965 483 2031 elatus
511 1969 606 2051 atque
634 1985 757 2030 summa
783 1964 935 2030 victoriae
958 1985 1013 2051 spe
1036 1964 1201 2050 impletuS,
1237 1965 1403 2032 Thebanos

160 2073 396 2162 Epaminondae
411 2071 770 2139 AtheniensesPericlis
794 2071 949 2158 exemplo,
973 2092 1011 2138 ne
1034 2071 1169 2139 oraculis
1185 2075 1402 2160 vaticiniisque

160 2185 290 2249 nimium
315 2181 486 2264 crederent,
508 2182 667 2248 monuisse
692 2184 796 2268 (μέχρι
818 2182 879 2264 μὲν
898 2177 957 2246 οὖν
974 2180 1093 2246 τούτων
1108 2179 1188 2266 ἀνὴρ
1208 2180 1248 2268 ἦν
1263 2182 1403 2261 ἀγαθὰς,

159 2291 271 2378 quibus
307 2290 410 2356 verbis
438 2288 627 2356 Plutarchus
650 2289 897 2355 Demosthenem
932 2309 1078 2357 excusare
1113 2289 1250 2357 voluisse
1286 2289 1401 2378 (Gebh.

160 2421 188 2486 p.
207 2401 266 2485 45)
291 2398 419 2463 minime
443 2396 700 2484 putanduscst),
723 2400 757 2462 in
779 2417 887 2483 pugna
908 2402 1015 2463 autem
1031 2399 1101 2483 ipsa
1116 2398 1196 2463 nihil
1208 2419 1282 2464 cum
1298 2400 1402 2466 verbis

160 2510 222 2574 suis
246 2508 468 2574 convenienter
491 2507 601 2590 eg'isse,
626 2506 682 2572 sed
705 2507 886 2592 turpissime
909 2507 1025 2589 higisse
1049 2511 1196 2572 narratur
1219 2508 1272 2594 (cf.
1297 2528 1323 2574 c.
1344 2511 1401 2574 14:

162 2618 329 2681 ἐπαινέσαι
357 2616 417 2698 μὲν
445 2614 637 2690 inaudacter
664 2613 704 2701 ἢν
727 2617 775 2678 ’τιδι’
796 2619 857 2678 τῶν
880 2615 1049 2700 προγόνων
1071 2616 1172 2692 καλὰ,
1199 2617 1402 2701 μιμήσασθαι

164 2725 196 2788 δὲ
218 2724 276 2805 οὐχ
299 2720 419 2806 ὅμοιος,
442 2727 475 2789 et
497 2722 555 2788 οὒκ
576 2722 622 2787 ὢν
649 2724 685 2787 ἐν
714 2723 776 2797 τοῖς
803 2718 917 2798 ὅπλοις
951 2721 1161 2808 ἀξιόπιστος).
1219 2722 1317 2790 Aliud
1353 2746 1401 2789 ar·

165 2837 344 2916 gementum
371 2833 419 2897 iis*
438 2833 630 2912 continetur,
661 2851 740 2917 quae
769 2830 808 2896 de
831 2830 1045 2898 Demosthene
1068 2830 1235 2898 Persarum
1263 2833 1402 2919 pecuniis

162 2946 305 3028 corrupto
329 2939 503 3006 afferuntur
525 2942 583 3026 (=
608 2959 634 3005 e.
654 2941 711 3003 14:
748 2941 790 3023 τῷ
805 2939 844 3003 δ’
858 2939 992 3003 ἄνωθεν
1006 2940 1040 3002 ἐκ
1055 2940 1186 3004 Σούσων
1209 2941 1261 3004 καὶ
1277 2939 1402 3021 Ἐκβα-

162 3051 268 3113 τάνων
290 3049 443 3131 ἐπιβατὸς
463 3053 577 3133 χρυσίῳ
593 3049 729 3128 γεγονώς
743 3049 797 3110 καὶ
811 3048 1107 3129 κατακεκλυσμένος,
1133 3048 1171 3113 of.
1188 3047 1280 3113 Diod.
1298 3047 1402 3130 XVII,

161 3160 207 3244 4).
255 3158 292 3223 In
320 3179 345 3224 c.
372 3160 414 3223 23
443 3157 521 3223 haec
548 3156 688 3223 notanda
717 3161 790 3222 sunt
816 3156 928 3222 verba:
964 3155 999 3219 at
1026 3155 1062 3219 δὲ
1089 3153 1198 3230 πόλεις
1225 3156 1325 3220 πάλιν
1349 3158 1403 3223 τοῦ

19 3247 20 3258 ¹
109 3255 121 3270 '
160 3271 389 3353 Δημοσθένους
422 3265 685 3351 ἀναρριπίζοντος
718 3263 821 3339 αὐτὰς
848 3261 1032 3328 συνίσταντο
1055 3264 1122 3327 κτλ.
1173 3265 1226 3328 καὶ
1253 3266 1286 3328 τὸ
1315 3269 1402 3350 βῆμα

160 3387 305 3456 κατεῖχεν
327 3375 344 3440 ὁ
368 3372 578 3460 Δημοσθένης
604 3375 669 3437 κτλ.
724 3355 859 3459 Θηβαῖοι
888 3372 923 3435 δὲ·
950 3371 1168 3457 προδοθέντες
1195 3371 1253 3436 ὑπ’
1277 3373 1403 3437 ἐκείνων

160 3485 224 3549 κτλ.
250 3487 366 3569 (Δημ.)
389 3483 494 3558 δείσας
517 3483 552 3546 δὲ
576 3482 631 3569 τὴν
648 3482 750 3569 ’ὀργὴν
771 3483 837 3546 κτλ.
874 3480 929 3549 cll,
944 3479 1038 3546 Diod.
1063 3479 1165 3562 XVII,
1190 3483 1221 3545 4.
1269 3479 1401 3546 Prorsus

160 3593 281 3659 eodem·
294 3591 397 3657 colore
420 3594 453 3657 in
477 3612 502 3658 c.
528 3593 571 3657 24
594 3590 672 3657 haec
695 3589 856 3674 leguntur:
887 3590 1025 3654 ταπεινὰ
1049 3589 1080 3653 δ’
1103 3588 1260 3674 ἔπραττεν
1282 3588 1401 3674 ὁΔημ.

160 3701 224 3766 κτλ.
254 3705 378 3788 βραχέα
406 3699 598 3784 συνεκινήθη
626 3699 746 3774 πάλιν,
772 3702 829 3762 εἶτ’
857 3698 1009 3783 ἔπτηξα,
1033 3695 1182 3782 Soqditur
1209 3695 1400 3782 Harpalicae

160 3829 273 3876 causae
297 3809 464 3888 narrratio,
489 3807 576 3873 cuius
600 3807 638 3872 cf.
664 3826 690 3872 c.
713 3807 755 3870 25
768 3803 820 3892 ’ἦν
842 3806 874 3870 δ’
897 3805 962 3892 ἄρα
984 3805 1088 3879 δεινὸς
1110 3799 1303 3891 emanata
1323 3805 1402 3890 ἐρο-

160 3915 245 3982 τικοῖι
269 3917 351 4002 πρὸς
373 3920 502 4002 χρυσίον
529 3914 645 3999 ἀνδρὸς
672 3913 750 3999 ὄψει
778 3913 832 3976 καί
852 3913 1003 3993 ,διαχύσει
1031 3912 1084 3976 καί
1111 3912 1222 3994 βολαῖς
1249 3912 1403 3994 ὀμμάτων

159 4026 306 4111 ἀνευρεῖν
335 4026 369 4088 τὸ
383 4023 482 4109 ’ἦθος
509 4025 582 4100 κτλ,
616 4044 633 4089 c
661 4023 774 4109 quibus
802 4021 885 4088 haee
906 4022 1063 4108 imprimis
1090 4019 1284 4107 respicienda
1310 4024 1398 4085 sunt:

159 4133 189 4198 οί
200 4134 231 4197 δ’
244 4131 398 4215 stenem
409 4131 616 4212 χλευάζοντες
628 4131 686 4212 ούχ
697 4130 764 4196 ὑπὸ
775 4130 934 4216 συνάγχης
949 4129 1100 4217 ἔφραζον,
1115 4129 1189 4193 ἀλλ’
1205 4128 1263 4192 ὑπ’
1279 4125 1398 4212 ἄργυρ-

159 4243 261 4326 άχχης
288 4241 447 4325 εἰλῆφθαι
481 4240 603 4325 νύκτωρ
634 4241 689 4304 τδν
724 4239 929 4324 δημαγωγὸν,
963 4258 1043 4324 quae
1078 4239 1141 4303 utri
1175 4238 1259 4322 palti
1293 4239 1402 4302 auctor
1448 4219 1455 4233 ⁸

159 4351 277 4432 faveat,
303 4349 476 4414 clarissime
501 4347 678 4414 ostendunt.
701 4345 795 4424 ouis
818 4346 903 4411 enim
923 4345 1002 4410 haec
1018 4345 1114 4410 verba
1130 4364 1235 4412 secum
1251 4347 1400 4429 reputans

159 4457 234 4524 illas
262 4478 288 4524 c.
316 4460 355 4522 ll
387 4477 478 4528 voces
506 4475 569 4522 non
596 4456 707 4522 statim
730 4455 923 4535 meminerit,
953 4453 992 4518 de
1016 4452 1128 4538 quibus
1151 4471 1247 4537 supro
1270 4455 1315 4537 (p.
1341 4451 1399 4534 46)

161 4565 315 4633 diximus?
341 4567 404 4641 τοῖς
426 4567 486 4649 μὲν
508 4564 567 4630 οὖν
590 4566 722 4640 πολλοῖς
743 4562 995 4650 ὑποκρινόμενος
1017 4561 1125 4648 ἤρεσκε
1141 4562 1347 4644 θαυμαστῶς,
1370 4556 1400 4622 οἳ
