3314 5124
149 1355 198 1485 ln
226 1421 330 1486 fontes
359 1419 629 1486 Demosthenicae
652 1419 820 1502 historiae,
856 1420 943 1487 cuius
972 1421 1142 1504 cognitioni
1170 1419 1209 1486 Α.
1241 1419 1390 1487 Schaefer

149 1527 353 1594 celeberrimo
378 1527 434 1594 1110
458 1527 539 1594 libro
564 1517 802 1595 fundamentum
826 1529 1038 1595 firmissimum
1056 1527 1191 1612 stravit,
1219 1529 1390 1616 inquirenti

149 1636 228 1702 mihi
241 1636 320 1702 duae
332 1639 532 1724 potissimum
544 1657 623 1724 quae
643 1638 818 1703 accuratius
833 1640 1045 1703 tractarentur
1060 1639 1259 1723 quaestiones
1276 1637 1389 1720 dignae

148 1747 236 1812 visae
260 1749 348 1828 sunt,
380 1747 465 1832 prior
488 1745 527 1812 de
550 1746 689 1813 fontibus
713 1768 732 1811 a
755 1745 893 1811 Diodoro
917 1748 949 1810 in
972 1743 1127 1812 Phocaico
1150 1745 1235 1811 bello
1264 1745 1286 1810 1.
1312 1743 1389 1810 nti

150 1852 372 1920 conscribendo
397 1853 557 1936 adhibitis,
583 1853 685 1920 altera
708 1853 747 1920 de
764 1855 839 1920 vitis
856 1853 1078 1920 Demosthenis
1095 1874 1265 1941 earumque
1283 1857 1389 1920 aucto-

148 1962 245 2044 ribus,
271 1984 348 2049 quas
372 1983 563 2049 quamquam
587 1963 647 2029 viri
671 1962 755 2029 docti
777 1982 840 2027 non
863 1965 930 2028 sine
953 1962 1107 2028 industria
1130 1966 1225 2050 atque
1247 1963 1389 2028 acumine

150 2073 215 2137 iam
236 2073 451 2152 inst'tuerunt,
476 2074 584 2136 tamen
599 2069 784 2158 plerumque
801 2093 821 2136 a
836 2091 909 2137 uero
927 2071 1121 2137 aberravisse
1137 2071 1216 2136 mihi
1233 2070 1387 2137 videntur.

150 2177 361 2256 Quamobrem
390 2180 558 2265 scriptores
585 2177 659 2244 illos
688 2178 787 2244 denuo
815 2200 910 2265 quam
934 2180 1166 2246 accuratissime
1189 2180 1388 2266 perscmtari,

149 2288 325 2352 sententias
354 2285 455 2351 adhuc
484 2285 627 2371 prolatas
655 2308 751 2373 quam
779 2289 959 2354 cautissime
988 2287 1163 2374 expendere
1195 2307 1276 2354 nnnc
1311 2287 1390 2352 mihi

149 2395 347 2480 propositum
371 2397 420 2459 est
444 2396 538 2479 atquc
562 2395 641 2460 satis
666 2393 798 2478 habebo,
826 2399 861 2460 01
884 2397 1084 2482 quaestiones
1108 2394 1184 2461 illae
1208 2417 1228 2460 a
1251 2395 1389 2461 doctiore

149 2502 190 2568 ad
214 2502 311 2567 finem
335 2501 553 2588 perducantur,
579 2522 635 2588 pro
658 2504 737 2568 meis
761 2503 879 2569 viribus
904 2503 1083 2570 contulisse.

240 2609 288 2676 De
317 2609 447 2697 reliquis
476 2609 616 2676 eiusdem
645 2613 761 2677 aetatis
789 2611 928 2678 fontibus
957 2611 1015 2678 deo
1044 2614 1200 2677 annuente
1230 2611 1292 2676 alio
1321 2610 1389 2677 loco

151 2739 245 2802 agere
268 2721 301 2783 in
324 2720 428 2783 animo
452 2717 532 2783 mihi
555 2722 613 2784 est.
1100 2731 1104 2738 ’

151 2977 183 3059 Ι.
219 2976 286 3057 De
308 2976 420 3058 bello
438 2976 646 3058 Phocaico
669 2978 713 3058 in
730 2977 839 3061 XVI
860 2978 966 3061 libro
984 2979 1162 3061 Diodori
1185 2901 1388 3060 enarrabo.
1414 2917 1416 2922 Ι

241 3147 470 3235 Volquardsen,
496 3149 611 3235 quide
636 3152 737 3237 quinti
762 3156 795 3217 01
818 3152 924 3237 quarti
947 3149 1085 3217 Graecae
1109 3150 1260 3216 historiae
1285 3170 1390 3216 saecu·
1456 3164 1459 3181 ¹

151 3257 254 3323 lorum
270 3256 410 3323 fontibus
425 3256 506 3322 libro
522 3256 580 3323 illo
592 3259 615 3344 ¹)
633 3257 671 3323 de
688 3257 818 3324 Diodori
834 3258 972 3325 fontibus
988 3261 1103 3346 scripto
1121 3260 1239 3345 optime
1260 3261 1390 3324 meritus

145 3368 221 3447 est,
237 3363 411 3430 Diodorum
435 3366 468 3429 in
490 3363 571 3430 libro
588 3364 664 3430 XVI
688 3366 901 3452 componendo
926 3388 945 3432 a
968 3388 1058 3432 more
1078 3366 1145 3448 illo,
1169 3387 1230 3454 000
1252 3368 1284 3432 10
1300 3365 1390 3431 libris

95 3559 99 3566 Α
151 3470 306 3537 XI-XV
330 3476 362 3536 et
385 3473 418 3536 in
434 3471 548 3538 Siculis
571 3472 664 3539 rebus
687 3472 762 3539 libri
778 3472 854 3538 XVI
878 3473 1075 3540 illustrandis
1098 3475 1232 3539 maiores
1249 3472 1391 3556 singulas

151 3584 259 3667 partes
284 3601 300 3645 e
324 3580 456 3664 singulis
480 3581 619 3648 fontibus
642 3586 824 3649 constanter
847 3584 911 3648 fere
936 3583 1077 3649 hausisse
1101 3585 1130 3648 ei
1154 3582 1239 3648 visus
1263 3586 1326 3662 est,
1358 3581 1391 3646 in

153 3687 345 3754 Graecorum
374 3687 639 3777 Macedonumque
667 3690 760 3757 rebus
789 3691 971 3758 enarrandis
1006 3692 1184 3758 discessisse
1221 3689 1389 3757 contendit.

151 3796 258 3883 Atque
282 3797 361 3862 satis
385 3797 496 3863 habuit
518 3800 565 3864 vir
586 3798 786 3865 doctissimus
803 3821 856 3866 eas
872 3801 905 3865 in
921 3799 1096 3887 complures
1113 3799 1256 3865 divisisse
1272 3802 1390 3885 partes,
1470 3827 1472 3834 ·

152 3925 233 3990 quae
258 3904 298 3970 ad
322 3925 394 3970 suos
418 3926 558 3992 quaeque
576 3907 678 3974 fontes
694 3907 796 3973 redire
812 3909 841 3972 ei
857 3907 1054 3974 videbantur.
1096 3905 1293 3993 Quamquam
1309 3905 1392 3971 haud

151 4033 264 4099 parurn
288 4011 466 4077 mirandum
489 4015 541 4094 sit,
566 4014 649 4099 quod
670 4017 702 4079 in
717 4012 858 4101 Philippi
874 4017 957 4098 regis
973 4018 1080 4081 aetate
1096 4013 1301 4081 describenda
1317 4012 1393 4079 Dio-

152 4119 246 4185 dorus
270 4139 333 4184 non
355 4140 451 4184 unum
475 4124 635 4186 auctorem
651 4126 775 4188 secutus
792 4125 851 4204 est,
877 4142 948 4188 cum
963 4142 1025 4187 non
1041 4122 1196 4204 deessent,
1221 4122 1276 4207 qui
1290 4122 1393 4184 totam

151 4226 243 4292 illam
273 4227 488 4328 copiosissime
516 4234 713 4312 enarrarent,
748 4234 856 4295 tamen
884 4227 1122 4317 Volquardseno
1150 4230 1259 4314 utique
1287 4248 1393 4294 assen-

232 4479 252 4548 ¹)
272 4483 516 4552 Untersuchungen
535 4485 602 4539 iiber
621 4484 664 4540 die
684 4486 797 4550 Queilen
817 4484 865 4539 der
883 4485 1068 4554 griechischen
1086 4485 1145 4540 und
1167 4484 1324 4539 sikiliscben
1344 4484 1393 4538 Ge·

150 4571 296 4627 schichtcn
316 4572 358 4626 bei
378 4573 487 4640 Diodor,
507 4575 584 4628 Buch
603 4569 750 4630 XI-XVI.
790 4575 849 4628 Kiel
872 4574 948 4630 1868.

1164 4685 1175 4733 1
