3314 5124
670 341 890 406 -ομ-

156 521 357 588 Philomelus
371 521 559 608 Delphicum
575 519 728 608 templum
745 519 896 606 spoliavit
912 522 964 607 (ef.
984 521 1075 586 Diod.
1094 543 1119 587 o.
1139 524 1211 607 30);
1229 523 1284 588 sed
1301 523 1400 589 multo

156 631 288 696 maioris
301 631 454 696 momenti
466 633 524 711 001,
541 629 625 715 quod
635 627 806 696 Plutarcho
819 628 871 694 vel
883 628 1010 696 Timaeo
1026 634 1153 697 auctore
1164 651 1180 696 e
1192 631 1401 701 Phocensium

156 738 273 806 ducum
297 737 452 804 militibus
475 759 587 803 manus
607 737 762 823 quaedam
780 777 821 786 -
838 758 984 804 numerus
1006 740 1218 806 contraditur
1235 783 1276 790 -—
1293 765 1401 829 super-

156 851 239 929 erat,
265 846 396 912 Diodori
420 851 526 912 autem
539 847 644 928 verba,
661 849 707 914 ita
724 849 757 912 ut
774 850 893 928 extant,
919 848 1109 914 contrarium
1125 850 1227 935 ipsum
1242 854 1402 916 testantur

156 957 230 1040 (78,
257 957 307 1040 4):
338 959 400 1018 τῶν
423 956 484 1041 γὰρ
507 955 616 1018 ἄλλων
638 955 752 1035 σχεδὸν
774 956 932 1020 ἁπάντων
956 960 1017 1020 τῶν
1039 958 1262 1040 μετασχόντων
1287 963 1338 1044 τῆς
1358 964 1401 1034 εἰς

157 1065 359 1147 adportatas
374 1069 578 1149 παρανομίας
594 1063 783 1144 τετευχότων
799 1063 862 1128 ὑπὸ
880 1065 934 1128 rob
949 1064 1114 1146 δαιμονίου
1128 1067 1179 1150 τῆς
1191 1067 1401 1152 προςηκούσης

157 1177 321 1257 τιμωρίας,
337 1211 378 1222 —-
395 1172 511 1254 μόνος
534 1170 642 1246 ebruc
657 1171 857 1258 archipirata
874 1173 907 1236 τὸ
925 1178 1018 1236 detor
1033 1173 1098 1236 κτλ.
1138 1173 1257 1239 Eodem
1273 1174 1400 1241 Timaeo
1452 1204 1457 1213 ¹

156 1282 316 1347 communi
345 1281 431 1346 sonte
466 1280 638 1346 Diodorum
667 1285 700 1346 et
722 1271 927 1346 Plutarchum
955 1301 1028 1347 usos
1056 1301 1123 1347 esse
1156 1284 1208 1347 vix
1234 1284 1400 1370 quisquam

155 1389 337 1470 contendet,
362 1409 461 1474 neque
479 1387 641 1454 Timaeum
653 1387 716 1454 alio
740 1387 808 1455 loeo
830 1389 916 1455 aliud
938 1388 1051 1456 dixisse
1069 1409 1167 1476 neque
1183 1389 1399 1474 Plutarchum,

155 1499 187 1564 si
199 1501 308 1563 auctor
320 1497 386 1563 eius
399 1496 564 1562 Thrasium
576 1496 678 1563 solum
690 1495 848 1580 sacrilegii
859 1498 1046 1584 participem
1058 1498 1154 1564 fuisse
1166 1498 1307 1580 dixisset,
1320 1499 1401 1565 illud

156 1605 198 1671 de
214 1604 367 1690 Euthymi
390 1604 544 1670 militibus
568 1605 694 1670 10111000
718 1604 867 1671 credibile
888 1609 946 1672 est.
984 1604 1073 1672 Paclr
1089 1627 1151 1672 non
1167 1604 1329 1672 Plutarchi
1346 1606 1401 1672 sed

155 1713 305 1794 Diodori,
342 1733 421 1798 quae
451 1712 617 1794 eiusmodi,
654 1711 757 1798 qualis
781 1711 1017 1800 Volquardseno
1041 1716 1126 1780 visus
1155 1718 1217 1796 est,
1254 1712 1400 1798 religioso

156 1823 279 1888 auctori
303 1841 366 1886 non
388 1823 598 1902 convenirent,
624 1821 727 1888 verbis
751 1824 820 1908 (82,
846 1824 866 1886 2
887 1820 1401 1908 011.Ρ101.30)001010010οΙ)10-

156 1931 269 1997 dorum
294 1929 374 1995 nihil
398 1928 485 1995 aliud
508 1951 525 1995 e
549 1930 635 1996 fonte
658 1950 714 1995 suo
737 1931 908 2016 sumpsisse
931 1951 1027 2016 quam
1044 1929 1167 1998 Thracii
1190 1932 1280 1997 unius
1301 1932 1401 1998 cuius-

156 2039 233 2105 dam
256 2059 274 2103 e
299 2037 511 2104 Phocensibus
535 2038 734 2104 mercenariis
759 2039 932 2124 inceptum,
961 2037 1083 2125 reliqua
1106 2039 1144 2104 de
1172 2059 1227 2105 suo
1256 2038 1400 2106 intulisse

156 2149 287 2228 statuit3
325 2145 381 2212 sed
410 2145 683 2212 vehementissime
707 2149 833 2212 erravit.
885 2145 937 2212 Ab
968 2169 1027 2213 usu
1060 2149 1243 2235 rationeque
1271 2147 1402 2214 Diodori

156 2275 382 2342 usquequaque
418 2255 579 2336 abhorret,
615 2254 667 2321 vel
702 2259 864 2321 auctorum
900 2276 1026 2322 suorum
1060 2255 1229 2323 relationes
1260 2257 1401 2324 consulto

158 2369 282 2430 mutare
299 2362 352 2430 vel
367 2363 472 2430 aliena
487 2365 525 2430 iis
542 2365 726 2430 immiscere.
764 2361 853 2441 Quod
865 2362 1081 2450 Volquardsen
1094 2385 1215 2452 quoque
1227 2365 1402 2449 neglexisse

159 2473 237 2538 mihi
261 2472 400 2554 videtur,
426 2493 496 2539 eum
520 2471 692 2538 Diodorum
717 2476 749 2538 01
771 2469 975 2538 Plutarchum
999 2474 1031 2538 in
1055 2473 1198 2539 omnibus
1221 2475 1286 2539 fere
1309 2474 1402 2540 rebus

161 2580 367 2648 Timoleontis
391 2581 572 2647 enarrandis
595 2580 724 2646 Timaeo
748 2582 904 2646 communi
928 2585 1054 2647 auctore
1077 2602 1149 2647 usos
1173 2603 1241 2648 esse
1265 2603 1335 2648 curn
1362 2584 1402 2647 iis

164 2709 240 2774 quae
268 2689 308 2754 de
337 2688 466 2775 reliquis
490 2687 620 2754 Diodori
644 2687 734 2755 libris
757 2691 875 2755 eruisse
898 2690 959 2755 sihi
994 2691 1079 2756 visus
1107 2693 1156 2756 est
1184 2693 1403 2756 convenienter

165 2798 333 2880 contendit,
358 2803 452 2884 atque
476 2797 560 2864 idern
584 2797 763 2864 Nissenium
776 2799 799 2882 ¹)
824 2796 943 2880 attulit,
969 2799 1022 2884 qui
1046 2797 1218 2864 Diodorum
1241 2801 1273 2863 in
1296 2797 1332 2863 11.
1359 2801 1401 2864 28

164 2909 248 2972 -32
273 2904 443 2991 Polybium
467 2907 584 2992 partim
608 2906 649 2972 ad
673 2905 801 2972 verbum
825 2904 1035 2987 transtulisse,
1060 2907 1178 2991 partim
1201 2908 1401 2992 excerpsisse,

159 3013 239 3079 nihil
262 3018 369 3079 autem
394 3012 536 3080 consulto
560 3015 802 3080 commutavisse
826 3013 1059 3080 evidentissime
1078 3013 1319 3079 demonstravit!
1360 3012 1403 3079 Ut
1511 2995 1547 3066 .'
1595 3047 1599 3054 ·

159 3124 256 3205 igitur
284 3121 432 3188 iudicium
462 3121 500 3188 de
529 3143 554 3188 c.
585 3125 604 3186 7
609 3125 629 3189 8
658 3120 893 3187 narratiuncula
917 3119 1045 3186 Timaeo
1073 3120 1281 3187 abiudicanda
1308 3143 1404 3208 supra

159 3231 398 3316 pronuntiatum
421 3251 516 3316 quarn
541 3230 608 3294 fieri
629 3233 734 3315 potest
750 3229 973 3312 commendem,
998 3228 1120 3316 reliqua
1135 3249 1257 3316 quoque
1273 3229 1402 3295 Diodori

159 3341 266 3425 capita
291 3337 333 3404 ad
349 3336 554 3404 Timoleontis
577 3338 742 3404 historiam
765 3340 956 3424 pertinentia
978 3358 1180 3424 peragramus
1200 3357 1325 3403 necesse
1342 3342 1401 3418 est,

159 3469 239 3533 quae
263 3467 456 3532 quamquam
479 3446 588 3512 multis
612 3448 644 3511 in
667 3447 760 3513 rebus
783 3467 854 3512 oum
876 3444 1048 3512 Plutarcho
1072 3445 1113 3512 ad
1136 3465 1330 3511 communem
1354 3466 1403 3510 re-

158 3554 313 3620 lationem
340 3574 397 3620 nos
426 3554 537 3621 ducere
566 3554 712 3620 videntur
745 3559 853 3620 tamen
881 3575 1031 3642 persaepe
1060 3553 1112 3620 vel
1153 3553 1233 3620 alias
1266 3574 1316 3619 res
1351 3552 1403 3619 vel

159 3662 280 3729 similes
298 3662 405 3729 ordine
420 3661 535 3728 rniiurn
551 3665 584 3728 in
599 3663 726 3729 modum
742 3663 925 3749 perturbato
944 3667 1038 3749 atque
1055 3664 1210 3748 permixto
1231 3664 1400 3728 continent.

159 3770 266 3858 Atque
291 3773 324 3836 in
347 3773 446 3837 tantis
469 3771 688 3858 discrepantiis
711 3793 750 3837 ne
774 3769 992 3857 Volquardsen
1015 3769 1141 3856 quidem
1169 3770 1271 3835 facere
1300 3772 1404 3857 potuit

159 3877 236 3966 quiri
260 3899 286 3945 0.
314 3880 355 3944 65
381 3877 508 3945 Timaeo
533 3879 740 3961 abiudicaret‚
769 3878 852 3965 quod
875 3898 936 3964 quo
960 3881 1026 3944 iure
1060 3879 1169 3944 feeerit
1201 3876 1325 3964 plenius
1351 3898 1403 3943 ex-

159 4008 276 4074 ponere
299 4007 462 4078 non-opus
486 3991 543 4054 est.
592 3987 654 4054 Sed
678 3987 908 4074 discrepantiae
933 4009 953 4053 a
975 3987 1056 4054 doct.
1081 3989 1139 4052 vir.
1168 3990 1297 4053 notatae
1325 3986 1402 4052 duae

160 4094 241 4162 alias
257 4096 386 4162 10101100
410 4094 620 4180 neglegendas
644 4095 734 4161 addo.
776 4094 836 4161 Vix
860 4097 943 4161 enirn
967 4116 1040 4161 casu
1064 4094 1266 4175 factumest,
1291 4099 1327 4160 ut
1349 4095 1403 4160 iis-

161 4203 233 4269 dem
261 4203 294 4269 in
321 4202 399 4270 locis
427 4225 447 4269 a
469 4203 607 4270 Diodoro
636 4208 669 4270 et
696 4226 716 4270 a
737 4201 908 4271 Plutarcho
937 4204 976 4269 ab
1000 4203 1063 4270 alio
1088 4202 1175 4270 aliud
1198 4201 1402 4270 Timoleontis

161 4314 262 4400 patris
286 4333 399 4380 001000
422 4312 581 4408 tradatur,
611 4335 631 4379 a
654 4311 792 4382 Diodoro
816 4311 991 4380 Timaeneti
1014 4315 1055 4403 (c.
1082 4314 1139 4396 65,
1164 4314 1200 4399 23
1225 4313 1282 4394 90,
1310 4313 1358 4401 1),
1384 4334 1403 4380 0

236 4548 256 4618 ¹)
274 4553 344 4610 Krit.
363 4553 524 4608 Uetersuch.
544 4568 570 4622 p.
593 4551 645 4605 110
663 4567 704 4621 sq.
