3314 5124
751 292 972 356 ..24..

241 463 413 535 Plutarcho
437 468 611 536 Timodemi
634 473 675 558 (c.
702 473 737 554 33
763 472 836 556 39);
861 469 947 536 aliud
971 470 1137 538 discrimen
1160 473 1193 538 id
1216 476 1275 553 est,
1300 471 1382 557 quod
1405 468 1446 536 Pl
1466 509 1481 520 -

242 578 352 643 tarcho
378 583 503 644 auctore
519 577 709 664 Syracusani
732 599 795 644 non
818 583 885 644 tum
902 579 943 645 ad
958 579 1066 646 civiles
1081 579 1237 645 tumultus
1252 577 1481 664 componendos

243 707 337 772 quam
366 690 474 752 eontra
503 687 676 774 periculum
704 708 724 752 a
747 686 1056 770 Carthaginiensibus
1080 689 1260 769 imminem,
1290 687 1344 773 qui
1367 705 1481 770 magno

244 797 380 869 exercitu
403 795 436 860 in
458 795 600 862 Siciliam
623 795 795 862 transvecti
823 800 913 864 erant
941 797 981 882 (c.
1008 797 1058 881 2),
1088 817 1108 860 a
1131 793 1302 861 Corinthiis
1330 794 1482 860 auxilium

242 903 435 988 petiverunt,
461 925 477 968 e
502 895 633 970 Diodori
656 909 763 970 autem
786 905 964 970 narratione
987 903 1020 969 id
1044 903 1179 970 dilucide
1202 908 1336 990 apparet
1359 905 1401 990 (c.
1428 901 1480 985 65,

245 1012 302 1096 67)
327 1009 603 1094 Carthaginienses
627 1011 832 1079 Timoleontis
856 1012 1053 1099 expeditione
1077 1015 1328 1098 comportatum
1356 1011 1483 1076 demum

244 1140 314 1186 cum
337 1122 481 1205 tyrannis
497 1119 674 1186 Sicularum
691 1120 812 1186 urbium
828 1121 954 1187 foedera
969 1121 1085 1204 iniisse,
1110 1120 1265 1208 imprimis
1281 1140 1353 1186 oum
1368 1118 1484 1185 Hiceta

244 1229 276 1313 (e
300 1227 404 1294 verbis
427 1248 453 1294 o.
480 1231 536 1293 67:
565 1228 704 1311 μάλιστα
727 1229 761 1294 δὲ
784 1231 865 1316 πρὸς
884 1230 998 1316 Ἱκέτην
1022 1231 1076 1294 τὸν
1101 1233 1162 1294 τῶν
1181 1233 1382 1316 Συρακοσίων
1405 1228 1483 1292 δυν-

244 1335 434 1412 αστεύοντα,
461 1337 522 1403 uisi
549 1337 728 1424 corruptela
752 1340 822 1424 (pro
845 1340 1042 1424 Λεοντίνων)
1071 1338 1193 1427 subest,
1226 1337 1318 1404 facile
1342 1335 1484 1403 concludi

244 1448 364 1531 potest,
393 1444 542 1512 Hicetem
566 1447 629 1511 iam
653 1451 721 1512 tum
744 1446 916 1533 Syracusas
939 1447 1102 1532 tenuisse).
1149 1445 1259 1512 Aliam
1281 1447 1378 1528 igitur
1400 1444 1485 1510 haud

245 1551 338 1618 dubie
361 1552 548 1620 relationem
571 1554 727 1620 Diodorus
750 1558 899 1642 sequitur,
925 1558 1109 1643 praesertim
1135 1577 1215 1638 curn,
1245 1554 1328 1641 quod
1351 1553 1449 1620 Holm
1460 1555 1484 1638 ¹)

244 1662 380 1744 monuit,
409 1682 471 1727 non
498 1662 601 1729 solum
629 1661 817 1731 Hannonem
844 1685 900 1751 pro
924 1663 1056 1747 Magone
1080 1662 1180 1751 (Plut.
1210 1683 1235 1730 e.
1269 1666 1325 1746 173
1355 1663 1393 1728 of.
1427 1663 1483 1748 19)

246 1769 513 1855 Carthaginiensis
538 1770 649 1838 classis
672 1773 866 1858 praefectum
890 1773 1011 1855 afferat,
1037 1773 1092 1840 sed
1110 1773 1206 1838 etiam
1223 1771 1342 1838 duobus
1358 1772 1391 1836 in
1406 1771 1484 1838 locis

245 1883 319 1968 (67,
345 1883 380 1962 23
407 1883 465 1962 69,
493 1883 527 1967 3)
552 1880 684 1946 eundem
709 1880 1015 1966 Carthaginiensium
1038 1882 1198 1968 copiarum
1222 1900 1386 1946 numerum
1409 1877 1450 1944 Pl
1471 1917 1484 1930 -

244 1987 353 2054 tarcho
382 1993 535 2075 opponat,
564 2011 755 2076 quamquam
783 1991 874 2056 huius
902 1992 943 2077 (c.
975 1991 1031 2076 17)
1059 1993 1094 2066 ἓξ
1121 1988 1285 2075 μυριάδων
1312 1987 1419 2064 πεζῶν
1447 2007 1485 2052 ex

244 2098 342 2183 ipsius
366 2096 417 2162 vel
441 2096 563 2162 librarii
586 2118 688 2162 errore
713 2099 787 2164 oriri
810 2100 949 2185 potuisse
973 2119 1035 2164 non
1057 2097 1282 2180 negaverim2).

335 2203 483 2270 Summae
507 2203 711 2288 difficultates
734 2226 759 2272 o.
780 2209 832 2287 69,
857 2215 893 2272 70
915 2206 1005 2280 nobis
1026 2208 1186 2292 parantur,
1211 2203 1323 2290 quihus
1351 2203 1486 2289 Syracu-

245 2333 350 2378 sarum
379 2312 516 2380 obsessio
525 2314 551 2398 ³)
580 2314 658 2379 mire
687 2313 881 2381 describitur.
928 2312 1069 2380 Primum
1097 2313 1180 2378 enim
1203 2311 1359 2378 Diodorus
1383 2310 1487 2377 Timo-

245 2419 382 2486 leontem
406 2418 521 2488 Hiceta
543 2421 584 2487 ad
599 2421 783 2489 Hadranum
808 2422 897 2510 pulso
921 2423 1031 2489 statim
1055 2420 1096 2486 ad
1118 2420 1290 2506 Syracusas
1314 2419 1438 2485 duxisse
1454 2421 1487 2484 in

246 2548 271 2594 o.
287 2530 339 2609 68,
359 2535 391 2590 11
408 2528 459 2594 fin.
485 2533 595 2596 contra
609 2528 813 2597 Plutarchum
838 2531 974 2617 exponit,
999 2549 1060 2615 quo
1084 2531 1210 2594 auctore
1227 2547 1297 2593 arce
1322 2529 1364 2613 (o.
1381 2529 1438 2612 13)
1456 2530 1488 2592 et

245 2634 427 2702 Achradina
451 2637 524 2723 (18)
549 2639 664 2723 captia,
694 2636 847 2703 militibus
871 2636 1066 2703 subsidiariis
1089 2657 1109 2700 a
1133 2634 1303 2702 Corinthiis
1327 2635 1431 2702 missis
1455 2637 1488 2700 et

246 2745 279 2809 in
303 2742 444 2810 Siciliam
468 2745 671 2827 transvectis,
700 2743 846 2811 Messana
869 2747 1021 2830 occupata
1043 2747 1111 2808 tum
1136 2743 1262 2810 demum
1286 2745 1327 2830 (c.
1354 2745 1412 2828 20)
1437 2742 1487 2836 Ti-

245 2851 369 2918 moleon
392 2851 446 2916 ἐπὶ
469 2853 525 2927 τὰς
544 2848 748 2939 Συρακούσας
770 2851 923 2934 ἐβάδιζεν.
949 2853 1003 2939 (of.
1029 2872 1054 2918 o.
1075 2854 1115 2916 16
1141 2855 1174 2917 et
1191 2853 1258 2935 18).
1299 2850 1421 2917 Deinde
1437 2871 1487 2916 res

246 2962 278 3025 in
302 2981 327 3027 c.
347 2963 388 3025 69
414 2961 584 3028 aDiodoro
609 2966 755 3028 narratae
779 2983 849 3029 cum
865 2960 1036 3028 Plutarcho
1054 2963 1256 3048 comparatae
1271 2959 1487 3028 incredibilem

245 3069 277 3133 in
312 3067 439 3134 modum
475 3070 649 3155 permixtae
684 3069 837 3136 videntur.
889 3069 1009 3135 Eodem
1045 3071 1128 3134 enirn
1162 3073 1304 3155 tempore
1332 3068 1441 3134 Insula
1468 3089 1488 3132 a

245 3174 408 3262 Dionysio,
432 3175 615 3243 Achradina
638 3182 670 3244 et
686 3177 837 3264 Neapolis
862 3179 902 3244 ab
918 3176 1042 3259 Hiceta,
1067 3177 1207 3264 reliquae
1231 3177 1316 3242 urbis
1337 3180 1444 3263 partes
1468 3199 1488 3242 a

246 3283 440 3351 Timoleonte
465 3290 634 3373 occupatae
657 3289 767 3371 teneri,
793 3292 901 3378 portus
917 3309 1049 3371 magnus
1065 3307 1085 3351 a
1101 3285 1413 3370 Carthaginiensibus
1434 3285 1488 3350 ob-

245 3391 342 3458 sideri
377 3392 534 3460 dicuntur!
574 3393 600 3459 Ε
635 3393 799 3463 Plutarchi
833 3398 940 3462 autem
975 3395 1128 3463 relatione
1157 3399 1198 3482 (c.
1225 3397 1260 3480 9)
1288 3393 1421 3460 Hicetas
1450 3394 1488 3458 ιὰ

246 3499 381 3564 πλεῖστα
403 3506 480 3588 μέρη
505 3504 566 3566 τῶν
588 3507 797 3589 Συρακουσῶν
820 3503 1017 3588 κατειληφώς
1040 3502 1159 3567 ἐκεῖνον
1181 3503 1240 3585 μὲν
1260 3505 1305 3576 εἰς
1321 3502 1376 3586 τὴν
1391 3496 1488 3588 ἀκρό-

245 3605 343 3670 πολιν
365 3607 419 3671 καὶ
442 3609 498 3694 την
519 3611 717 3696 καλουμένην
733 3616 842 3698 Νῆσον
865 3612 1115 3694 συνεσταλμένον
1138 3609 1235 3685 αὐτὸς
1250 3609 1489 3696 συνεπολιόρκει

245 3713 298 3777 καὶ
320 3719 585 3801 συμπεριετείχιζε
609 3721 663 3806 (cf.
685 3740 711 3786 e.
732 3723 787 3784 ll:
823 3715 875 3784 ὅτε
898 3719 951 3783 καὶ
974 3716 1168 3784 παντάπασι
1191 3721 1305 3802 συνέβη
1330 3717 1401 3791 τοὺς
1423 3722 1488 3781 Συ-

178 3877 182 3883 ,
245 3826 408 3908 ρακοσέους
431 3823 620 3904 ἀπογνῶναι
644 3827 700 3912 τὴν
722 3831 888 3914 σωτηρίαν,
910 3825 1049 3914 ὁρῶντας
1073 3825 1128 3890 τοῦ
1152 3826 1211 3908 μὲν
1233 3825 1358 3908 λιμένος
1381 3824 1467 3890 αὐτό
1470 3847 1489 3889 ν

246 3931 480 4016 Καρχηδονίους
502 3934 708 4020 κρατοῦντας,
732 3935 787 4020 τὴν
810 3934 844 3999 δὲ
867 3930 965 3998 πόλιν
981 3933 1098 4018 Ἱκέτην
1118 3927 1244 4013 ἔχοντα,
1268 3935 1321 4018 τῆς
1343 3933 1373 3996 δ’
1389 3933 1490 4020 ἄκρας

245 4035 428 4124 κυριεύοντα
462 4041 652 4118 Διονύσιον,
689 4041 883 4126 Τιμολέοντα
917 4043 952 4107 δέ
974 4040 1054 4128 κτλ).
1115 4038 1149 4106 C.
1181 4043 1221 4108 13
1250 4041 1420 4128 Dionysius
1455 4061 1489 4107 se
1620 4105 1623 4112 i

320 4311 340 4381 1)
360 4317 394 4381 rr,
414 4333 440 4384 p.
461 4316 522 4371 are.

322 4403 343 4472 ²)
362 4408 461 4476 Volqu.
480 4425 507 4476 p.
528 4407 570 4462 98.

317 4493 340 4567 ⁸)
359 4498 438 4553 Helm
456 4499 491 4565 11,
510 4515 537 4570 p.
557 4497 620 4554 466.

544 4678 800 4808 Α
