3314 5124
787 349 1008 420 ..132

278 529 316 600 de
340 529 477 600 fontibus
497 529 628 600 Diodori
651 538 771 600 certam
794 535 952 620 quandam
975 536 1165 602 sententiam
1188 555 1251 602 non
1274 533 1431 622 professus
1455 539 1514 620 est,

277 640 384 706 tamen
408 646 547 708 extremo
571 642 722 708 hocloco
746 663 990 710 commemorare
1014 665 1076 710 non
1100 646 1222 725 omitto,
1247 644 1417 731 quodiam
1442 650 1515 710 ante

276 748 428 816 Packium
456 750 576 816 Haahii
609 750 771 817 levissima
805 753 982 819 coniectura
1016 753 1153 819 refutata
1188 753 1220 816 in
1248 751 1379 817 Diodori
1414 773 1440 818 c.
1473 756 1515 818 64

275 856 458 945 Demophili
481 859 617 942 vestigia
639 860 803 942 agnovisse
827 860 887 925 sibi
911 861 995 926 visus
1019 865 1077 925 est.
1125 859 1193 926 Has
1216 859 1313 942 igitur
1340 861 1515 926 sententias

276 965 416 1047 singulas
431 967 587 1052 inquirere
603 986 684 1032 nunc
706 965 785 1031 mihi
809 968 1003 1053 propositum
1028 971 1077 1032 est
1100 971 1195 1053 atque
1217 967 1341 1034 silicet
1369 965 1516 1033 aPaohii

276 1072 496 1139 dissertatione
519 1094 582 1139 non
605 1075 672 1140 sine
696 1076 837 1140 acumine
861 1076 978 1160 scripta
1002 1075 1167 1141 ordiamur.

365 1180 414 1247 De
430 1179 620 1267 Demophilo
638 1181 793 1248 Diodorus
817 1185 849 1248 in
873 1203 898 1249 c.
918 1185 970 1264 14,
987 1192 1004 1249 3
1028 1204 1045 1248 0
1069 1183 1155 1249 fonte
1178 1182 1245 1264 illo,
1271 1183 1320 1249 cui
1334 1203 1397 1248 non
1412 1183 1515 1250 solum

275 1289 460 1354 archontum
484 1288 765 1376 olympionicarum
786 1311 894 1374 regum
910 1291 1037 1356 nomina
1053 1295 1086 1356 et
1101 1291 1204 1359 multa
1219 1311 1313 1377 quam
1330 1289 1514 1358 brevissime

276 1396 462 1463 adumbrata
485 1399 570 1465 facta
593 1399 649 1464 sed
673 1399 769 1464 etiam
793 1399 898 1464 omnia
921 1398 959 1464 de
983 1398 1159 1464 illustribus
1176 1399 1253 1464 viris
1271 1420 1290 1462 a
1305 1397 1443 1465 Diodoro
1461 1400 1514 1466 ad·

233 1563 242 1582 ,
275 1508 385 1570 notata
401 1505 508 1571 deberi
523 1504 761 1592 Volquardseno
771 1507 795 1591 ¹)
812 1509 938 1571 auctore
954 1505 1207 1591 80010ωο11ηοῖ)
1232 1504 1431 1591 exploratum
1453 1511 1509 1589 est,

274 1611 426 1678 nonnulla
437 1633 517 1698 quae
529 1615 668 1679 maxima
680 1634 754 1680 cura
765 1614 973 1700 respiciantur
985 1612 1080 1696 digna
1091 1613 1184 1679 nobis'
1192 1612 1325 1679 tradidit
1341 1634 1422 1699 qnae
1438 1614 1510 1699 quin

275 1718 315 1784 ad
338 1723 497 1786 auctorem
518 1721 684 1807 quendam,
710 1722 763 1808 qui
779 1741 886 1787 eorum
903 1721 940 1787 de
956 1721 1069 1806 quibus
1085 1719 1196 1786 attulit
1211 1721 1398 1806 scriptorum
1415 1719 1510 1786 libros

144 1825 145 1828 ’
274 1825 527 1913 πινακογράφων
538 1828 631 1894 modo
643 1830 710 1915 ipse
722 1829 868 1914 inspexit,
882 1829 1045 1894 referenda
1057 1829 1120 1894 sint
1133 1826 1271 1892 dubitari
1281 1829 1390 1914 nequit
1398 1829 1434 1912 ³).
1452 1827 1512 1893 At-

273 1953 334 2018 que
357 1936 493 2019 primum
517 1936 643 2021 quidem
663 1935 854 2022 Demophilo
878 1941 1003 2002 auctore
1024 1934 1212 2020 Delphicum
1236 1934 1390 2020 templum
1414 1958 1441 2000 a.
1461 1934 1509 2001 01.

259 2123 260 2128 ἵ
275 2042 349 2122 105,
362 2049 381 2104 4
393 2063 412 2106 0
423 2040 601 2108 Philomelo
615 2048 799 2128 occupatum
812 2047 845 2121 et
857 2043 1028 2129 spoliatum
1041 2063 1118 2123 esse,
1133 2041 1243 2108 deinde
1257 2041 1376 2108 bellurn
1389 2063 1512 2108 sacrum

273 2169 370 2234 usque
383 2148 424 2214 ad
436 2151 598 2215 interitum
610 2150 832 2234 sacrilegorum
845 2171 901 2236 per
912 2149 1055 2216 undecim
1068 2171 1165 2214 annos
1182 2150 1369 2234 pertinuisse
1385 2149 1512 2216 disertis

273 2255 433 2321 docemur..
464 2256 562 2335 Quem
575 2257 766 2342 singularem
782 2279 944 2324 numerum
960 2279 980 2322 a
995 2257 1185 2343 reliquorum
1201 2257 1390 2350 testimoniis
1406 2257 1512 2324 verbis

272 2361 365 2429 valde
390 2364 527 2430 alienum
551 2386 601 2431 vv.
618 2354 678 2430 dd.
697 2367 783 2431 varie
799 2364 1045 2451 explicaverunt,
1070 2363 1126 2430 sed
1141 2385 1242 2451 neque
1258 2363 1297 2429 A.
1315 2363 1476 2430 Schaeferi
1484 2367 1511 2451 ⁴)
1541 2399 1543 2406 v

271 2492 371 2556 neque
386 2470 498 2538 Pachii
521 2472 747 2573 explicationes
770 2472 869 2539 ullam
893 2472 1128 2560 probabilitatis
1149 2473 1285 2558 speciem
1300 2472 1417 2538 habere
1433 2474 1511 2539 mihi

170 2611 178 2622 ·
271 2578 425 2645 videntur.
485 2578 590 2646 Verba
624 2584 707 2647 enirn
742 2581 872 2648 Diodori
908 2580 1005 2645 aliam
1040 2582 1333 2666 interpretationem
1372 2585 1510 2648 statuere

272 2687 396 2752 omnino
419 2708 476 2754 nos
500 2693 620 2770 vetant,
645 2710 739 2775 quam
756 2710 784 2752 a.
804 2687 851 2754 Ol.
871 2689 945 2768 105,
959 2695 977 2750 4
992 2685 1182 2773 Delphicum
1198 2686 1351 2774 templum
1368 2708 1388 2752 a
1404 2686 1510 2754 Philo-

271 2793 354 2859 melo
371 2799 557 2880 occupatum
574 2817 651 2878 esse,
676 2795 759 2882 quod
775 2796 913 2862 omnium
929 2794 1081 2861 eiusmodi
1104 2796 1298 2876 notitiarum,
1323 2816 1404 2880 quae
1428 2796 1508 2882 apud

271 2901 443 2968 Diodorum
467 2908 586 2987 extant,
612 2903 775 2972 simillima
795 2905 897 2970 forma
917 2905 1116 2990 apertissime
1133 2903 1272 2989 docet⁵):
1301 2902 1508 2991 Demophilus

270 3010 354 3076 haud
374 3011 466 3078 dubie
489 3012 609 3078 bellum
625 3034 681 3100 per
696 3013 839 3080 undecim
856 3011 1072 3098 olympiadum
1088 3032 1186 3077 annos
1201 3013 1344 3077 narravit
1360 3013 1506 3086 35718-

270 3121 383 3196 84716.
424 3119 533 3186 Aliam
556 3122 711 3194 rationem
727 3119 883 3186 Diodorus
906 3120 974 3204 ipse
998 3119 1148 3204 sequitur,
1174 3119 1283 3204 quiin
1306 3139 1332 3184 c.
1352 3120 1436 3200 59,1
1463 3123 1479 3205 (
1501 3171 1507 3183 .

271 3226 318 3293 Ol.
346 3230 420 3308 108,
435 3229 466 3313 3)
491 3228 608 3294 bellum
633 3228 754 3294 decimo
780 3248 860 3293 anno
886 3227 1008 3292 finitum
1032 3247 1099 3294 esse
1127 3231 1277 3308 testatur,
1307 3226 1403 3292 aliam
1426 3225 1509 3291 Pau-

270 3337 373 3401 sanias
397 3334 442 3417 X,
468 3337 502 3416 2,
529 3338 564 3416 3,
589 3336 643 3421 qui
666 3335 786 3402 decimo
809 3340 882 3422 post
905 3335 1018 3421 templi
1042 3337 1292 3420 occupationem,
1319 3356 1415 3420 quam
1438 3355 1506 3400 curn

269 3443 459 3530 Demophilo
476 3465 504 3508 a.
524 3443 625 3519 357se
642 3444 763 3524 tribuit,
780 3464 861 3510 anno
878 3442 1051 3530 Theophilo
1069 3443 1218 3508 archonte
1235 3445 1325 3528 (108,
1342 3444 1371 3527 1)
1389 3440 1507 3507 bellum

269 3553 475 3636 compositum
500 3570 568 3616 esse
592 3550 707 3616 diserte
730 3550 857 3617 indicat.
899 3551 1020 3618 Deinde
1045 3551 1211 3616 artificium
1227 3549 1317 3632 illud,
1342 3570 1403 3636 quo
1419 3547 1505 3614 Paclr

268 3677 284 3722 e
309 3656 439 3723 Diodori
463 3658 566 3724 verbis
591 3661 631 3744 (c.
658 3659 700 3722 64
725 3660 777 3744 ex)
801 3658 944 3724 undecim
968 3659 1041 3726 illos
1065 3679 1163 3724 annos
1187 3657 1349 3724 enucleare
1378 3660 1506 3723 conatus

268 3768 325 3845 est,
352 3767 436 3830 omni
459 3764 685 3851 probabilitate
707 3770 802 3831 caret.
843 3764 918 3844 Quis
939 3768 1022 3832 enirn
1039 3787 1055 3831 e
1072 3765 1176 3832 verbis
1193 3785 1287 3851 supra
1303 3766 1366 3830 iam
1383 3765 1505 3830 citatis:

267 3871 353 3956 ἡμεῖς
381 3873 416 3936 δὲ
442 3872 619 3959 ἀρκούντως
646 3868 875 3958 reclametur
904 3876 958 3938 cdv
985 3873 1070 3961 ἱερὸν
1093 3869 1233 3956 πόλεμον
1256 3873 1311 3936 κτλ
1335 3892 1352 3937 c
1376 3871 1506 3937 Diodori

266 4027 481 4038 ι--.-...-.--

341 4107 360 4176 ¹)
380 4128 405 4178 p.
427 4109 524 4164 5-13.

339 4197 360 4265 ²)
380 4204 399 4254 1.
420 4203 439 4253 1.
459 4217 484 4268 p.
506 4200 548 4254 28.

337 4287 359 4355 ⁸)
379 4289 566 4359 Volquardscn
592 4306 665 4356 eam,
690 4306 770 4360 quam
796 4290 828 4344 de
848 4292 1012 4359 Apollodoro
1038 4290 1157 4343 chronici
1182 4289 1257 4341 illius
1283 4289 1412 4356 scriptore
1440 4289 1505 4342 olim

264 4382 415 4448 protulerat
433 4380 595 4434 sententiam
609 4381 709 4434 Dielsio
730 4380 974 4445 (0111101111
992 4397 1019 4447 p.
1039 4377 1085 4444 31)
1104 4383 1131 4433 01
1144 4379 1330 4432 Bornemanuo
1345 4363 1503 4432 auctoribus

263 4472 321 4538 ipse
340 4471 439 4525 abiecit
458 4469 591 4536 (Jahresb.
611 4471 675 4524 XIX
694 4486 721 4539 p.
742 4469 792 4524 121
813 4467 873 4539 sq.).

336 4559 357 4626 ⁴)
377 4562 389 4612 I
408 4578 434 4628 p.
455 4562 516 4614 451.

335 4649 357 4717 ⁸)
378 4649 576 4720 volquardsen,
597 4651 755 4706 Untersuoh.
776 4668 802 4720 p.
822 4651 848 4704 8.

335 4856 770 5072 Γ
