3314 5124
775 361 995 428 ..42-

265 538 354 618 Quod
378 541 418 606 ad
441 557 510 628 cpp.
538 543 658 607 6-10
681 543 752 628 ipsa
778 543 909 623 attinet,
939 542 980 609 ad
1007 564 1102 610 unam
1132 543 1324 634 eandemque
1343 547 1505 633 originem

264 648 397 716 redeunt
424 654 519 736 atque
548 651 684 736 primum
713 650 751 717 de
780 651 952 737 asperitate
974 650 1197 738 Demosthenis
1226 655 1375 720 orationis
1405 657 1439 718 et
1467 652 1505 718 de

265 758 365 823 tribus
382 759 519 844 corporis
536 760 623 824 vitiis
639 761 805 845 exponitur
816 761 849 844 ¹),
868 779 948 845 quae
963 761 1008 846 sio
1024 761 1254 842 significantur:
1272 765 1387 847 ,φωνῆς
1400 763 1506 827 ἀσινέ-

264 887 346 942 νοια,
368 866 507 952 γλώσσης
530 867 685 951 ἀσάφεια,
709 867 893 950 πνεύματος
915 867 1090 954 κολοβότης.
1131 868 1252 936 Deinde
1269 869 1508 940 narratiuncula

265 973 302 1040 de
326 971 467 1040 Eunomo
495 975 653 1058 ἀτολμίαν
679 978 732 1038 καὶ
759 977 922 1058 μαλακίαν
950 975 1114 1044 illustrans
1140 977 1285 1062 effertur,
1313 980 1347 1046 in
1370 999 1395 1046 c.
1422 981 1440 1042 7
1467 979 1506 1046 de

264 1082 373 1167 Satyri
395 1081 556 1148 histrionis
580 1082 749 1170 disciplina
772 1088 804 1148 et
828 1083 866 1150 de
896 1085 1170 1152 exercitationibus
1198 1087 1240 1152 ad
1268 1088 1424 1154 actionem
1454 1108 1508 1153 ex-

264 1188 428 1256 colendam
452 1190 607 1256 institutis
630 1195 790 1274 narratur,
821 1193 1005 1278 quibusoam
1029 1213 1055 1259 c.
1081 1197 1100 1260 8
1125 1195 1283 1264 artissimo
1308 1196 1507 1266 coniunctum

264 1301 327 1380 est,
358 1318 419 1384 quo
442 1297 690 1366 Demosthenem
718 1322 738 1364 a
765 1303 880 1365 natura
903 1299 992 1366 nulla
1015 1301 1100 1367 felici
1124 1302 1304 1388 eloquentia
1327 1293 1509 1389 praeditam

264 1405 320 1472 sed
344 1406 549 1492 amplissimis
572 1407 699 1472 demum
721 1408 835 1474 studiis
858 1429 1044 1495 summoque
1066 1408 1174 1476 labore
1192 1410 1322 1478 vdicendi
1341 1416 1444 1478 artem
1460 1413 1505 1478 ita

265 1516 496 1601 comparavisse
520 1515 681 1597 docemur,
710 1520 746 1581 ut
770 1517 830 1582 uisi
859 1519 1096 1584 accuratissima
1122 1518 1328 1586 meditatione
1357 1521 1506 1605 instituta

263 1643 435 1708 numquam
459 1622 500 1688 ad
523 1624 675 1710 populum
697 1625 879 1711 loqueretur
902 1626 957 1712 (of.
982 1645 1008 1691 c.
1032 1630 1049 1691 7
1075 1625 1347 1710 φιλοπονώτατος,
1370 1631 1390 1694 8
1409 1630 1505 1712 φιλο-

265 1734 404 1816 πονεῖν).

355 1836 413 1916 oui
442 1843 550 1906 tamen
579 1841 697 1906 facturn
726 1842 783 1922 sit,
816 1846 853 1906 ut
881 1843 1038 1910 orationes
1067 1844 1140 1908 eius
1161 1865 1317 1914 summam
1346 1845 1505 1930 spirarent

264 1946 439 2028 audaciam,
453 1949 595 2034 proximo
608 1949 711 2034 capite
725 1950 776 2036 (9)
789 1948 920 2016 Periclis
933 1951 987 2036 (of.
1002 1971 1027 2017 o.
1041 1953 1060 2015 6
1075 1950 1143 2035 fin.)
1157 1951 1301 2037 exemplo
1314 1951 1503 2039 illustratur,

263 2056 350 2120 euius
365 2053 500 2138 πλάσμα
521 2060 554 2121 et
576 2058 792 2142 σχηματισμὸν
807 2045 1037 2124 Demosthenes
1060 2059 1106 2123 ita
1130 2060 1280 2150 imitatus
1298 2081 1366 2126 esse
1391 2059 1505 2128 dicitur

263 2165 299 2226 ut
322 2163 479 2227 orationes
500 2163 630 2229 habitae
645 2162 716 2249 plus
733 2166 831 2228 animi
847 2165 1040 2251 ferociaeque
1056 2165 1219 2247 haberent,
1245 2187 1340 2252 quam
1356 2169 1502 2256 scriptae,

263 2269 472 2336 Eratosthene
484 2270 646 2337 Demetrio
659 2271 813 2338 Phalereo
831 2274 956 2340 comicis
972 2275 1075 2360 poetis
1091 2275 1235 2342 testibus.
1271 2275 1309 2342 In
1321 2297 1347 2344 c.
1363 2279 1405 2342 lo
1419 2277 1504 2344 deni-

263 2397 322 2463 que
351 2397 421 2442 cum
444 2377 597 2445 Demadis
626 2384 659 2446 et
681 2379 848 2446 Phocionis
877 2402 915 2446 ex
943 2385 1084 2469 ternpore
1113 2383 1182 2448 lusa
1211 2383 1392 2471 eloquentia
1421 2405 1504 2452 com-

263 2490 402 2571 paratur.
443 2485 570 2573 Optimo
587 2487 705 2570 ordine,
722 2509 816 2574 quem
832 2489 930 2554 etiam
945 2489 978 2556 in
993 2488 1183 2556 Plutarcheo
1200 2492 1286 2558 fonte
1303 2491 1503 2558 observatum
1578 2535 1583 2554 .

262 2595 359 2660 fuisse
382 2597 482 2660 statui
503 2595 607 2678 debet
631 2597 709 2662 haec
731 2598 836 2662 omnia
852 2599 1106 2684 sese-excipiunt,
1132 2604 1242 2665 contra
1256 2601 1289 2664 in
1306 2620 1331 2666 c.
1352 2603 1390 2664 ll
1412 2600 1503 2667 vehe-

263 2707 386 2798 menter
409 2702 610 2786 offendimus‚
640 2726 701 2790 quo
716 2706 842 2791 :partim
866 2705 975 2772 eadem
1000 2707 1199 2790 attinguntur
1221 2711 1337 2795 partim
1362 2729 1445 2774 nova
1471 2713 1503 2776 et

263 2811 303 2874 ab
328 2814 401 2876 ante
425 2811 517 2878 dictis
541 2833 667 2898 prorsus
690 2813 796 2878 aliena
819 2813 1024 2906 explicantur.
1066 2815 1227 2882 Demetrio
1248 2817 1331 2882 enim
1348 2815 1502 2884 Phalereo

263 2921 400 3000 auctore,
425 2919 538 3005 quibus
561 2921 735 2987 rationibus
756 2919 894 3008 corporis
910 2923 998 2988 vitiis
1013 2922 1242 2989 Demosthenes
1258 2923 1433 2991 medicatus
1449 2926 1501 3007 sit,

263 3028 441 3113 exponitur:
471 3029 533 3094 tria
550 3028 660 3096 eadem
675 3031 764 3112 vitia,
790 3031 902 3116 quibus
917 3031 950 3096 in
965 3051 991 3096 c.
1011 3034 1030 3095 6
1047 3033 1245 3114 occurrimus,
1268 3037 1500 3100 enumerantur.

263 3132 348 3212 Quae
372 3139 580 3202 annectuntur
603 3140 685 3201 ιῖναι
710 3177 751 3186 --
777 3144 942 3223 περαίνειν
970 3138 1010 3204 ad
1039 3139 1171 3205 actionis
1200 3139 1306 3206 studia
1333 3141 1500 3226 pertinere,

262 3241 373 3307 eadem
401 3242 465 3307 fere
494 3264 573 3328 quae
602 3245 634 3308 in
662 3263 687 3312 c.
719 3247 737 3307 7
767 3243 884 3327 legitur
912 3246 1071 3312 sententia
1101 3245 1253 3313 facillime
1288 3246 1500 3330 intellegitur:

262 3345 361 3424 οὕτως
383 3349 460 3435 ᾤετο
483 3355 564 3432 μέγα
587 3352 668 3436 πρὸς
691 3336 799 3430 πίστιν
822 3356 906 3416 εἶναι
929 3354 985 3417 τὸν
1005 3353 1100 3418 τόνον
1114 3356 1168 3440 ναὶ
1184 3357 1240 3440 τὴν
1256 3355 1425 3441 ὑπόκρισιν
1441 3361 1502 3422 τῶν

262 3456 419 3534 λεγόντων
447 3457 485 3522 cl.
512 3477 536 3522 c.
564 3460 606 3523 72.
624 3463 819 3522 &asareem
847 3460 878 3524 d’
906 3455 982 3524 ὅσον
1004 3461 1038 3524 ἐκ
1062 3465 1114 3546 τῆς
1137 3461 1328 3548 ὑποκρίσεως
1353 3464 1508 3549 τῷλόγῳ-

261 3563 379 3646 κόσμου
402 3567 455 3628 καὶ
478 3566 609 3651 χάριτος
631 3568 777 3653 πρόςοστι
801 3569 865 3632 κτλ.
906 3568 974 3634 lam
998 3568 1076 3636 haec
1098 3576 1134 3636 ut
1157 3576 1316 3637 auctorem
1340 3595 1360 3638 a
1383 3594 1453 3660 opp.
1479 3577 1499 3639 6

262 3674 295 3735 et
319 3673 337 3734 7
363 3669 522 3738 diversum
545 3675 748 3760 suspicemur,
774 3679 898 3760 cogunt,
924 3697 1003 3762 quae
1025 3679 1160 3765 suspicio
1176 3678 1379 3765 sequentibus
1395 3682 1500 3748 verbis

262 3777 465 3844 confirmatur
492 3783 612 3866 (omnia
640 3782 737 3848 verba
764 3783 836 3848 inde
865 3784 905 3848 ab
934 3785 1023 3850 initio
1052 3807 1150 3872 usque
1178 3786 1219 3851 ad
1243 3785 1289 3850 ὧν
1311 3790 1364 3850 καὶ
1386 3789 1500 3874 Δημό-

263 3910 346 3972 τριος
368 3885 386 3950 ό
414 3888 580 3974 Φαληρεύς
602 3891 685 3952 ἐστιν
707 3891 811 3976 nesoio
835 3912 876 3958 an
903 3911 965 3956 non
992 3897 1077 3958 recte
1100 3891 1233 3958 Mueller
1261 3895 1298 3960 fr.
1324 3894 1355 3960 h.
1385 3917 1431 3978 gr.
1457 3896 1499 3977 II,

262 4015 292 4080 p.
319 3996 382 4059 367
401 3992 562 4061 Demetrio
584 3997 818 4082 vindicaverit):
850 4012 912 4073 τοῖς
933 4001 992 4086 μὲν
1016 3997 1074 4064 οὖν
1097 4000 1229 4074 πολλοῖς
1251 4000 1502 4086 ὑποκρινόμενος

261 4102 368 4188 ἤρεσκε
392 4107 603 4184 θαυμαστῶς,
629 4105 659 4170 oi
682 4106 717 4168 δὲ
739 4111 938 4192 χαρίεντες
962 4107 1117 4174 ταπεινὸν
1140 4107 1274 4192 ἡγοῦντο
1297 4111 1350 4174 καὶ
1367 4109 1501 4192 Ιἀγεννὲς·

263 4211 411 4274 αὐτοῦτὸ
428 4210 564 4294 πλάσμα
579 4214 632 4276 καὶ
646 4213 792 4295 μαλακὸν
807 4211 852 4277 ὧν
867 4215 921 4276 καὶ
935 4222 1019 4298 App.
1036 4213 1053 4277 ὁ
1073 4215 1156 4278 mat.
1173 4216 1269 4292 ἔστιν,
1291 4237 1372 4304 quae
1389 4219 1428 4282 ab
1446 4240 1500 4284 eu·

262 4319 347 4382 ctore
364 4338 389 4384 c.
408 4321 427 4384 9
445 4321 547 4405 petita
562 4340 630 4386 esse
647 4321 831 4403 existimari,
849 4321 959 4387 eodem
972 4341 989 4386 e
1002 4323 1087 4388 cuius
1100 4325 1258 4389 sententia
1270 4319 1499 4393 Demosthenes

265 4475 477 4484 ——.

336 4552 356 4625 ¹)
376 4557 479 4614 Auctor
498 4558 637 4616 Plutarchi
657 4559 780 4618 devites
799 4573 854 4616 non
872 4559 981 4631 plenius
1000 4559 1285 4621 disseruissevidetur
1304 4562 1354 4628 (όις
1372 4561 1461 4626 ἔοαε).
