3314 5124
788 345 1008 456 ...35ss

279 586 361 639 nova
383 568 499 659 partim
522 568 577 655 iis,
613 591 693 658 quae
722 571 918 658 inpristina
951 570 1218 640 vitarum-forma
1245 569 1520 660 exposita'erant,

279 683 437 748 contraria
464 681 666 748 afferentibus
695 681 899 748 conturbatus
925 684 989 762 est,
1019 701 1036 746 e
1059 679 1216 748 rhetorica
1239 680 1405 768 archetypi
1428 687 1520 768 parte

278 794 453 856 memoratu
488 790 642 877 imprimis
670 788 766 874 digua
792 789 896 855 libata
924 797 957 855 et
985 788 1091 875 aliquo
1115 787 1208 855 modo
1232 809 1302 855 oum
1326 790 1400 856 vitis
1425 792 1520 877 (quas

278 896 404 983 quidem
428 899 554 984 proprio
577 918 670 964 sensu
693 900 850 985 nuncupo)
874 901 1005 965 consuta
1027 901 1114 980 suut,
1143 897 1246 964 altera
1269 903 1385 978 autem,
1411 899 1520 965 arohe-

277 1006 348 1091 typi
383 1005 586 1091 dispositione
621 1007 746 1071 omnino
780 1009 922 1087 servata,
958 1007 1044 1092 prior
1071 1026 1144 1092 pars
1172 1003 1282 1072 multis
1310 1007 1519 1072 recentiorum

277 1112 437 1178 rhetorum
457 1114 621 1179 sententiis
644 1112 840 1200 amplificata
864 1153 905 1162 -
929 1134 1008 1200 quos
1031 1133 1088 1199 per
1111 1111 1225 1196 gradus
1250 1115 1301 1178 vix
1324 1114 1397 1180 sciri
1412 1119 1520 1200 potest

278 1262 319 1270 -
345 1222 476 1289 alterius
499 1226 605 1287 autem
628 1223 728 1308 partis
750 1223 886 1308 pristina
909 1223 1010 1287 forma
1033 1222 1098 1288 fere
1122 1222 1247 1305 integra·
1265 1227 1443 1308 propagata
1459 1231 1516 1289 est.

276 1328 367 1396 Hanc
390 1329 497 1394 Photii
520 1333 554 1394 et
568 1327 869 1396 Pseudo-Plutarchi
893 1331 1029 1395 vitamm
1052 1329 1219 1396 historiam
1230 1331 1253 1415 ¹)
1277 1329 1416 1396 breviter
1438 1351 1520 1398 nunc

277 1437 496 1504 adumbratam
524 1439 556 1504 in
584 1437 807 1504 Demosthenis
835 1439 910 1505 vitis
938 1437 1212 1524 comprobaturum
1239 1459 1289 1504 mc
1320 1459 1388 1504 asse
1416 1459 1517 1525 spero.

276 1543 339 1611 Sed
368 1550 463 1612 antea
485 1547 615 1612 notitias
638 1545 728 1629 illas,
757 1567 837 1634 quae
861 1565 900 1612 ex
923 1545 1088 1632 archetypi
1110 1545 1266 1632 prioribus
1289 1545 1422 1630 siugulis
1447 1569 1519 1634 par-

275 1653 361 1718 tibus
388 1675 407 1718 a
431 1651 837 1721 Pseudo-Plutarchearum
873 1655 1009 1720 vitamm
1045 1658 1172 1720 auctore
1200 1655 1233 1719 in
1267 1653 1398 1721 ultimos
1432 1654 1519 1722 locos

275 1764 487 1851 transpositae
512 1784 580 1830 esse
604 1763 683 1828 mihi
705 1762 861 1846 videntur,
885 1765 918 1829 in
941 1783 1002 1828 uno
1026 1766 1194 1850 conspectu
1216 1766 1467 1849 percenseamus.

365 1871 403 1936 In
425 1869 634 1938 Andocidis
657 1873 742 1939 vitae
766 1872 827 1938 fine
851 1893 881 1959 p.
900 1874 976 1953 239,
1002 1859 1141 1936 40—44‘
1158 1870 1257 1936 verba
1280 1871 1373 1958 δηλοῖ
1389 1871 1423 1935 δὲ
1445 1873 1519 1959 περὶ

275 1979 474 2046 πάντων-
505 1981 628 2067 εἰρήνης
662 1980 781 2048 duobus
816 1981 994 2047 auctoribus
1022 1979 1190 2046 tribuenda
1218 1999 1286 2046 esse
1315 1971 1517 2047 manifestum

274 2089 357 2174 estl)
381 2093 414 2153 et
429 2087 542 2155 Photio
567 2091 815 2156 488a15-21
843 2087 985 2155 adiutore
1008 2089 1055 2153 ita
1078 2087 1190 2170 iudico,
1215 2087 1313 2154 verba
1336 2108 1366 2154 v.
1383 2091 1518 2154 42-44

273 2197 404 2289 σόζεηαι
421 2237 462 2244 -
481 2197 604 2283 εἰρήνης
627 2218 688 2262 una
712 2199 782 2264 cum
805 2196 928 2262 notitiis
952 2195 989 2261 de
1006 2195 1135 2262 Socrate
1151 2195 1376 2290 contemporali
1402 2199 1447 2284 (v.
1462 2199 1516 2282 44,

273 2306 332 2391 45)
357 2325 393 2374 ao
417 2303 455 2370 de
479 2325 560 2370 anno
584 2304 686 2374 natali
709 2325 780 2372 cum
794 2303 930 2391 Lysiaoo
954 2307 1146 2391 comparato,
1171 2307 1204 2369 et
1225 2303 1340 2370 iudicio
1360 2303 1515 2372 rhetorico

272 2416 316 2501 (v.
344 2415 401 2495 53,
432 2413 489 2498 54)
506 2433 556 2478 -ex
585 2412 751 2500 archetypi
778 2411 881 2500 priore
909 2415 999 2498 parte
1027 2409 1137 2478 evulsa
1162 2411 1196 2476 in
1219 2415 1395 2477 extremam
1419 2411 1516 2480 totius

273 2523 356 2587 vitae
380 2525 504 2608 partem
527 2522 705 2608 irrepsisse,
734 2543 754 2586 a
776 2522 949 2609 posteriore
972 2520 1109 2606 quodam
1132 2521 1284 2608 scriptore
1309 2519 1405 2586 verba
1428 2521 1520 2606 δηλοῖ

273 2669 314 2678 -
339 2631 488 2713 δεομένου
512 2629 606 2696 alteri
629 2631 714 2716 parti
736 2631 856 2696 inserta
879 2649 957 2694 esse.
997 2628 1104 2714 Atque
1125 2648 1162 2694 eo
1178 2629 1336 2694 sententia
1351 2649 1424 2710 mea
1439 2631 1514 2711 exit,

272 2743 307 2805 ut
334 2738 499 2824 archetypi
534 2736 629 2803 alteri
665 2736 885 2824 biographioae
918 2739 1003 2825 parti
1031 2759 1139 2804 versus
1168 2739 1300 2804 47-53
1331 2738 1444 2804 τούτου
1473 2779 1513 2788 -·

270 2847 422 2933 Σειληνοῦ
444 2845 635 2930 assignanda
658 2867 726 2913 esse
750 2849 898 2912 statuam.
947 2846 984 2912 ln
1007 2846 1148 2933 Lysiae
1171 2847 1239 2913 vita
1263 2847 1360 2912 verba
1383 2868 1414 2933 p.
1438 2851 1513 2930 242,

272 2958 314 3021 39
340 2961 490 3042 φέρονται
514 2957 570 3021 κτλ
587 2995 628 3004 -
647 2957 723 3038 243,
749 2957 791 3020 49
817 2956 849 3021 in
869 2952 1027 3042 plerisque
1043 2976 1113 3022 cum
1129 2953 1244 3020 Photio
1261 2957 1325 3022 488
1344 2959 1364 3013 b
1381 2957 1514 3022 14-24

270 3065 318 3130 ita
333 3065 541 3147 consentiunt,
565 3069 601 3130 ut
624 3065 664 3130 ab
681 3063 740 3130 hoo
755 3064 913 3150 puriorem
929 3065 1117 3150 scripturam
1133 3065 1292 3129 servatam
1308 3083 1376 3129 esse
1392 3069 1511 3151 pateat.

271 3171 375 3239 Verba
392 3194 420 3239 v.
438 3176 481 3238 42
498 3195 545 3260 sq.
563 3172 626 3237 ἔστι
644 3213 685 3222 -
702 3177 805 3258 ἔτερος
819 3171 1055 3257 ssurekhardu)
1080 3169 1163 3237 male
1183 3170 1352 3254 intellexit,
1377 3193 1513 3260 namque

270 3280 311 3347 ad
334 3281 412 3348 duas
435 3279 508 3347 illas
532 3282 618 3368 ipsas
641 3301 752 3347 causas
773 3280 942 3366 pertinent,
967 3281 1079 3366 quibus
1094 3278 1209 3365 Lysias
1225 3279 1373 3346 cecidisse
1389 3279 1511 3347 dicitur.

270 3388 333 3455 Sed
355 3410 393 3455 ea
416 3409 538 3476 quoque
567 3409 647 3475 quae
676 3387 770 3474 paulo
795 3392 869 3452 ante
892 3386 1040 3470 leguntur
1064 3388 1159 3453 verba
1182 3408 1199 3452 e
1223 3388 1325 3474 priore
1349 3387 1514 3476 archetypi

269 3502 360 3584 parte
384 3499 486 3584 petita
509 3485 582 3565 sunt
605 3497 644 3563 cf.
669 3494 761 3561 Phot.
787 3497 852 3562 489
872 3497 947 3562 1³8⁷
974 3495 1037 3559 εἶδε
1059 3496 1094 3558 δὲ
1114 3500 1328 3582 Δημοσθένην
1349 3497 1513 3584 perpetretur

269 3606 362 3688 ὄντα,
399 3607 582 3693 quibuscum
617 3602 829 3690 comparanda
864 3608 937 3669 sunt
965 3604 995 3668 in
1026 3601 1146 3670 Andos.
1176 3605 1251 3670 vitis
1279 3602 1407 3671 PsPlut.
1435 3587 1511 3688 239,

270 3715 401 3779 44-47
418 3712 511 3781 Phot.
531 3716 596 3781 489
617 3713 792 3777 auo-22.
832 3711 882 3777 Do
905 3710 1093 3778 Isocratis
1116 3712 1184 3778 vita
1205 3710 1286 3777 nihil
1309 3713 1375 3778 iam
1392 3702 1510 3797 habeo,

269 3821 351 3907 quod
386 3823 558 3908 proferam3
598 3821 677 3886 satis
708 3823 757 3888 est
787 3839 929 3901 monere,
969 3840 1133 3886 uumemm
1165 3823 1340 3886 orationum
1372 3843 1403 3912 p.
1434 3825 1510 3905 251,

271 3933 311 3995 10
328 3952 375 4017 sq.
401 3931 581 4017 sepulturae
598 3929 775 3995 accuratius
791 3927 954 4014 expositae
970 3927 1113 3993 additum
1130 3947 1208 4009 csse,
1233 3928 1272 3994 cf.
1289 3927 1382 3996 Phot.
1408 3933 1474 3998 486
1493 3936 1511 3989 b

268 4040 402 4123 4:1⁴).
450 4037 552 4104 Isaei
576 4037 676 4103 vitam
700 4056 716 4101 e
740 4033 860 4104 duabus
883 4034 1026 4121 partibus
1050 4039 1213 4101 consutam
1237 4055 1305 4104 esse
1329 4058 1421 4103 nomo
1448 4060 1510 4106 nou

268 4146 369 4230 videt,
406 4166 476 4212 oum
499 4143 632 4212 Photius
661 4143 897 4231 simplicissima
925 4143 1129 4229 dispositione
1157 4149 1283 4212 servata
1310 4146 1447 4233 primum
1470 4147 1510 4214 de

344 4326 364 4395 ¹)
385 4332 418 4385 cl.
439 4330 572 4396 Schaeter,
592 4328 702 4396 (lorum,
720 4345 748 4398 p.
767 4327 811 4382 37.
830 4317 885 4384 38⁴(

341 4415 363 4485 ²)
383 4420 471 4487 Elaos,
491 4417 810 4486 nu.Berma,1.,aes.

341 4505 362 4575 ¹)
383 4510 458 4564 Caco.
478 4511 580 4578 fragm,
600 4526 627 4580 p.
647 4507 691 4564 52.

340 4596 363 4667 ⁴)
382 4599 475 4656 Photii
489 4599 570 4654 rerba
581 4598 634 4653 486
643 4598 656 4636 l
666 4597 771 4652 11—13
783 4599 880 4670 γέγονε
891 4625 924 4637 -
934 4601 1013 4669 τριῶν
1026 4614 1043 4651 a
1055 4599 1184 4652 contiuua
1193 4601 1250 4654 rite
1259 4600 1424 4669 segreganda
1433 4601 1506 4655 suut
