3314 5124
749 314 948 380 48,-

318 495 425 582 Atque
441 515 569 582 prorsus
586 494 695 561 eodem
711 494 804 561 modo
821 495 854 560 in
870 515 896 560 o.
911 497 954 560 30
971 496 1039 560 init.
1057 494 1205 582 χρήματα
1220 500 1251 563 et
1268 496 1472 582 α’ναθήματα

228 605 374 690 opposita
403 608 490 670 sunt:
526 605 759 691 προςδεομένου
788 604 822 668 δὲ
851 607 906 669 τοῦ
934 605 1077 687 πολέμου
1100 605 1270 690 χρημάτων
1298 605 1473 682 πλειόνων,

228 713 420 796 ηναγκοίζετο
445 723 508 787 τοῖς
530 710 623 799 ἱεροῖς
646 712 860 798 ἀναθήμασιν
883 712 1050 794 ἐπιβαλεῖν
1074 713 1129 786 τοὶς
1152 723 1274 798 χεῖρας,
1301 733 1381 799 quae
1405 712 1472 780 illis

158 843 163 854 υ
229 823 270 906 (c.
301 822 359 902 28,
377 821 408 905 2)
439 821 557 906 optime
585 819 790 906 respondent:
835 818 1050 898 „Philomelus
1078 821 1133 906 qui
1161 825 1255 886 antea
1277 823 1472 908 ἀναθήμασι

228 926 462 1010 religiosissime
491 929 703 1012 abstinuerat,
733 913 817 994 bello
846 929 887 994 ab
914 927 1200 1015 Amphictyonibus
1228 930 1346 996 indicto
1375 934 1471 1016 atque

229 1057 350 1102 summo
374 1037 513 1123 periculo
537 1037 731 1120 imminente,
757 1041 899 1103 extrema
921 1038 1109 1103 necessitate
1127 1041 1252 1103 coaetus
1267 1039 1472 1123 ἀναθήματα

229 1167 319 1213 sacra
346 1145 495 1232 spoliat«.
547 1145 637 1211 Nihil
665 1144 702 1211 de
731 1147 872 1232 pecuniis
900 1146 998 1212 sacris
1027 1143 1170 1211 affertur:
1214 1149 1270 1210 aut
1296 1145 1403 1212 nullae
1438 1148 1472 1212 in

228 1255 377 1321 thesauro
401 1258 527 1341 praesto
552 1258 652 1338 erant,
678 1258 733 1319 aut
757 1255 784 1320 si
808 1258 908 1335 erant,
936 1251 1155 1319 aPhilomelo
1178 1254 1317 1319 intactae
1341 1253 1471 1322 relictae

229 1368 311 1430 sunt.
352 1347 493 1429 Tertium
518 1364 650 1447 cogitari
672 1363 796 1450 nequit!
843 1361 889 1428 At
911 1359 998 1428 Pach
1022 1381 1159 1427 errorem
1183 1361 1235 1427 vel
1258 1363 1470 1429 confusionem

229 1471 359 1537 Diodori
383 1473 510 1538 subesse
533 1471 698 1538 iudicavit!
747 1468 855 1548 Qualis
879 1473 985 1535 autem
1009 1489 1094 1535 error
1117 1469 1304 1536 statuendus
1327 1472 1379 1554 sit,
1409 1493 1471 1538 non

230 1580 352 1665 aperuit
367 1599 468 1664 neque
484 1577 552 1644 ulla
568 1579 747 1645 coniectura
763 1579 888 1664 assequi
903 1599 1040 1664 possum.
1082 1576 1162 1656 Quin
1179 1580 1262 1644 enim
1278 1599 1316 1644 ex
1335 1583 1471 1646 auctoris

228 1685 315 1752 illius
344 1688 501 1753 sententia
528 1685 723 1753 Philomelus
755 1686 861 1772 aliquo
895 1685 987 1752 modo
1023 1686 1178 1772 templum
1213 1686 1399 1772 spoliaverit
1427 1728 1470 1736 —

228 1799 333 1860 utrum
357 1795 560 1882 ἀναθήματα
584 1815 624 1859 an
647 1793 795 1881 χρήματα
818 1814 899 1860 nunc
921 1794 1087 1860 mittamus
1104 1834 1145 1842 —
1163 1794 1243 1860 nihil
1264 1794 1471 1861 dubitandum

229 1905 292 1969 est:
322 1901 453 1969 Diodori
477 1903 575 1970 verba
598 1902 797 1988 apertissime
820 1904 988 1984 testantur,
1013 1921 1038 1966 o.
1058 1903 1100 1967 30
1122 1903 1175 1987 §1
1202 1903 1304 1966 συλᾶν
1328 1903 1361 1967 τὸ
1385 1924 1471 1986 μαν-

230 2022 328 2086 τεῖον,
356 2013 374 2096 ᾗ
399 2013 418 2074 2
443 2009 531 2074 ‹rt-ds
554 2009 767 2096 πονηρότατοι
791 2009 843 2072 καὶ
867 2011 956 2072 θεῶν
984 2010 1038 2072 διὰ
1068 2011 1124 2094 τὴν
1151 2011 1342 2086 πλεονεξίαν
1369 2035 1471 2075 κατα-

137 2105 142 2117 ’
230 2121 422 2205 φρονοῦντες
454 2118 633 2205 προθύμως
668 2122 853 2203 συνέτρεχον
886 2117 967 2203 πρὸς
1003 2118 1057 2181 τὸν
1089 2117 1271 2203 Φιλόμηλον
1304 2119 1357 2182 καὶ
1392 2121 1472 2200 ταχὺ

229 2227 365 2309 δύναμις
387 2227 500 2312 ίσχυροὶ
524 2231 653 2311 συνέστη
678 2228 739 2289 τῶν
762 2224 844 2312 πρὸς
873 2225 929 2309 τὴν
956 2223 1134 2311 ἱεροσυλίαν
1161 2223 1360 2312 ὁρμωμένων.
1407 2229 1425 2312 ᾗ
1450 2229 1469 2293 3

227 2335 245 2399 d
271 2335 305 2398 δὲ
324 2337 364 2398 Φ.
389 2335 442 2398 διὰ
466 2335 501 2398 τὸ
524 2339 662 2418 μέγεθος
686 2337 737 2418 τῆς
760 2335 911 2421 εὐπορίας
935 2334 1015 2415 ταχὺ
1030 2333 1170 2418 δύναμιν
1185 2333 1362 2421 ἀξιόχρεων
1376 2359 1470 2399 κατε-

229 2443 414 2508 σκευάσατο.
453 2445 531 2529 §32
556 2446 574 2529 ᾗ
600 2447 616 2508 1
644 2448 827 2526 νομίσαντες
851 2444 906 2508 τὸν
930 2443 1117 2508 αἰτιώτατον
1142 2447 1193 2528 της
1216 2441 1390 2529 ἱεροσυλίας
1409 2445 1470 2506 Φι-

229 2551 369 2636 λόμηλον
396 2552 461 2615 κτλ.
513 2550 560 2617 At
587 2552 774 2634 cogitaverit
802 2553 973 2638 quispiam,
1007 2551 1181 2617 Diodorum
1208 2550 1410 2634 ἀναθήματα
1438 2554 1471 2616 et

229 2659 377 2746 χρήματα
401 2679 426 2724 c.
446 2662 488 2725 28
513 2662 546 2724 et
569 2679 594 2724 c.
612 2661 656 2724 30
681 2660 938 2740 commutavisse3
963 2658 1020 2724 sed
1039 2679 1078 2723 ne
1094 2658 1174 2724 hano
1190 2657 1316 2745 quidem
1333 2657 1471 2743 explica

229 2769 347 2832 tionem
371 2771 456 2832 stare
479 2787 571 2852 posse
595 2785 686 2832 nemo
710 2786 772 2830 non
795 2765 896 2848 videt3
926 2767 1062 2850 primum
1085 2768 1169 2832 enim
1194 2765 1312 2832 duobus
1336 2767 1369 2831 in
1391 2766 1470 2833 loois

229 2873 403 2940 Diodorum
427 2874 537 2940 eodem
560 2873 652 2940 modo
677 2873 831 2939 erravisse
855 2894 966 2958 parum
989 2875 1153 2960 probabile
1177 2879 1238 2957 est,
1269 2873 1379 2940 deinde
1408 2885 1469 2961 quo

230 2985 323 3050 modo
352 2983 561 3070 explicatione
590 2983 649 3048 illa
672 2982 808 3068 probata
831 3002 856 3047 c.
884 2983 941 3064 56,
966 2991 983 3048 5
1008 2983 1103 3048 verba
1126 2984 1327 3068 interpretari
1350 2982 1470 3066 liceret,

229 3093 282 3158 vix
310 3092 476 3178 quisquam
505 3090 607 3157 dicere
636 3093 751 3176 posset.
799 3088 909 3155 Alium
932 3089 1063 3156 Diodori
1091 3111 1226 3156 errorem
1255 3092 1393 3174 cogitare
1416 3111 1470 3156 ne-

229 3220 319 3286 queo,
333 3200 388 3266 sed
401 3199 610 3265 subsistamus
622 3198 655 3263 in
667 3216 769 3262 errore
782 3196 918 3281 quodam
931 3196 1062 3264 Diodori
1074 3199 1302 3283 investigando,
1320 3201 1470 3285 quoniam

229 3329 268 3373 ne
291 3307 379 3374 Pach
403 3305 529 3393 quidem
553 3305 725 3392 quidquam
750 3304 827 3369 corti
850 3302 888 3369 de
912 3325 948 3370 eo
973 3304 1152 3391 explorasse
1176 3307 1308 3373 videtur.

321 3414 437 3494 Quodsi
460 3413 558 3479 verba
581 3433 607 3478 c.
633 3414 718 3492 30‚1
744 3411 814 3496 ipsa
828 3409 1001 3477 Diodorum
1025 3415 1160 3480 auctoris
1185 3417 1232 3481 sui
1255 3416 1470 3481 narrationem

230 3524 404 3590 rectissime
427 3518 628 3587 transtulisse
653 3522 797 3602 arguunt,
823 3539 903 3608 quae
926 3518 991 3584 alia
1008 3522 1186 3588 coniectura
1200 3522 1394 3610 probabilior
1410 3527 1468 3605 est,

229 3652 324 3718 quam
349 3651 373 3696 c.
394 3631 481 3710 56,5
506 3647 522 3692 e
547 3628 632 3693 fonte
657 3625 805 3692 haustum
829 3645 907 3709 esse,
922 3628 987 3722 ‚qui
1010 3629 1093 3715 quod
1114 3633 1200 3717 prior
1214 3631 1270 3698 illo
1287 3633 1468 3714 affirmavit,

229 3737 441 3804 Philomelum
464 3734 667 3821 ἀναθήματα
688 3732 839 3820 spoliasse
856 3733 972 3800 diserte
988 3737 1137 3819 negavit?
1177 3739 1239 3805 Sed
1255 3761 1294 3805 ne
1310 3739 1471 3806 Schaeleri

230 3852 262 3913 et
285 3846 476 3931 reliquonrm
500 3847 608 3930 partes
632 3861 754 3928 sequar,
780 3840 832 3926 qui
856 3844 891 3906 ut
915 3861 940 3908 c.
960 3843 1001 3906 56
1026 3847 1058 3909 et
1082 3845 1124 3910 30
1148 3846 1250 3911 eidem
1266 3850 1386 3913 auctori
1402 3848 1471 3914 uin-

209 3956 380 4036 dicarent,
405 3974 529 4019 summa
552 3972 610 4038 ope
634 3948 717 4044 qrixi
740 3951 822 4028 eunt,
853 3954 1038 4032 argumenta
1061 3971 1077 4016 e
1101 3951 1204 4019 verbis
1228 3974 1254 4020 o.
1281 3956 1367 4037 56‚5
1393 3957 1470 4042 ipsis

229 4064 331 4150 petita
360 4060 438 4128 satis
467 4057 605 4126 dilucida
632 4076 682 4122 me
712 4053 878 4122 adducunt.
926 4053 1064 4122 Primum
1094 4059 1177 4124 enim
1206 4060 1337 4127 Diodori
1365 4063 1471 4130 verbis

229 4172 386 4251 ἀπέσχετο
416 4169 479 4232 τείν
502 4163 727 4250 ιίναίίημοίτοιν
750 4159 961 4228 Philomelam
986 4165 1123 4250 pecuniis
1146 4167 1244 4234 sacris
1266 4168 1354 4254 large
1378 4193 1470 4237 usum

230 4299 298 4344 esse
327 4273 497 4360 significari
527 4271 605 4337 mihi
636 4267 762 4358 quidem
797 4266 978 4336 incredibile
1013 4275 1070 4338 est.
1123 4271 1245 4341 Deinde
1281 4277 1308 4342 si
1343 4278 1469 4364 quidem

231 4388 340 4451 auctor
367 4380 513 4462 Diodori,
543 4381 579 4444 ut
607 4375 665 4442 hoo
694 4375 912 4460 argumentum
940 4373 1003 4442 iam
1032 4399 1112 4448 nuno
1138 4381 1310 4466 proferam,
1347 4406 1469 4452 summo

229 4490 438 4558 Phocensium
467 4485 537 4555 odio
561 4481 774 4552 inflammatus
798 4483 880 4564 eret,
909 4483 944 4548 ut
968 4479 1201 4572 Volquerdseno
1225 4491 1259 4555 et
1280 4488 1399 4558 Paohio
1423 4495 1470 4560 vi-
