3314 5124
782 377 981 442 „2-

261 557 404 626 tiendum
428 563 486 643 est,
512 580 582 626 cum
605 581 644 626 ne
668 580 738 625 eam
760 557 897 646 quidem,
922 579 986 644 qua
1000 555 1148 624 Phocaioi
1164 556 1243 622 belli
1258 557 1413 645 expositio
1430 577 1503 623 oon-

261 670 394 750 tinetur,
424 672 548 755 partem
573 687 610 732 ex
633 687 694 731 uno
720 659 890 749 eodemque
914 665 1000 729 fonte
1024 669 1184 751 sumptam
1208 686 1275 742 esse
1298 665 1418 752 liquido
1447 687 1503 752 ap-

261 780 383 861 pareat.
432 775 561 840 Minime
591 774 674 839 enim
702 772 829 839 dubium
860 776 922 854 est,
953 773 1029 858 quin
1052 794 1072 837 a
1098 773 1173 838 belli
1196 776 1376 840 narratione
1400 776 1503 840 seiun-

261 884 363 966 geuda
390 885 454 949 sint
482 903 508 949 c.
540 886 626 964 31,6
651 880 816 968 (Dindorl)
846 880 884 945 de
907 879 1054 946 Methone
1082 878 1277 968 Pagasisque
1306 903 1325 946 a
1352 879 1501 969 Philippo

263 994 460 1079 expugnatis,
486 1011 511 1056 c.
538 993 591 1071 34,
609 999 626 1054 3
647 989 685 1054 de
702 987 786 1054 bello
802 989 885 1052 inter
900 987 1166 1056 Lacedaemoqus
1182 995 1215 1056 et
1231 989 1366 1073 Argivos
1383 995 1500 1072 exorto,

262 1119 286 1165 o.
307 1101 359 1180 52,
377 1106 394 1163 9
411 1099 448 1164 de
466 1096 723 1164 Chalcidensibus
740 1096 864 1182 oppidis
881 1117 900 1160 a
915 1093 1064 1182 Philippo
1081 1096 1220 1162 subactis
1237 1100 1269 1162 et
1284 1097 1323 1162 de
1335 1094 1502 1163 Peitholao

263 1206 414 1273 Thessalo
439 1204 579 1292 expulso,
604 1225 682 1291 quos
698 1203 784 1270 locos
801 1225 817 1268 e
833 1203 914 1268 libro
931 1204 1093 1270 annalium
1111 1204 1161 1271 vel
1178 1205 1393 1271 chronicorum
1409 1205 1502 1270 modo

261 1317 433 1402 composito
457 1313 583 1380 fluxisse
607 1312 659 1379 cll.
685 1315 773 1394 345
797 1316 830 1377 81
851 1314 893 1377 39
910 1314 962 1378 vix
978 1314 1086 1395 negari
1103 1317 1216 1398 potest.
1258 1312 1367 1398 Neque
1383 1313 1502 1378 minore

261 1425 327 1488 iure
351 1422 408 1488 alii
432 1426 552 1488 auctori
582 1421 782 1504 assignantur
803 1439 831 1490 o.
863 1422 915 1502 34,
930 1421 1047 1506 (priore
1076 1422 1164 1486 tertii
1192 1420 1385 1507 paragraphi
1412 1425 1502 1507 parte

261 1533 421 1617 excepta),
453 1531 600 1609 53-55,
629 1528 669 1594 ab
694 1527 802 1594 eodem
816 1529 838 1612 ¹)
862 1527 946 1594 haud
970 1528 1061 1594 dubie
1086 1530 1201 1615 potita,
1231 1531 1281 1595 oui
1297 1550 1321 1596 c.
1349 1532 1401 1611 14,
1422 1536 1503 1593 1-2

262 1640 401 1720 debetur,
427 1641 459 1704 in
483 1658 543 1724 quo
559 1636 707 1703 Phocaici
728 1635 806 1701 belli
822 1635 911 1701 nulla
926 1637 1048 1702 ratione
1064 1635 1175 1702 habita
1191 1636 1301 1702 eadem
1317 1637 1501 1702 brevissime

261 1749 527 1833 perstringuntur,
559 1746 694 1831 quaein
718 1764 787 1830 opp.
814 1745 872 1825 35,
898 1746 956 1824 31,
974 1752 1006 1822 3,
1032 1746 1123 1825 38,1
1148 1743 1271 1830 plenius
1296 1749 1500 1831 exponuntur.

263 1854 327 1920 Sed
350 1875 388 1919 ne
413 1855 463 1920 his
487 1854 613 1940 quidem
636 1852 714 1919 Iocis
739 1851 880 1918 deductis
897 1873 968 1918 eam
983 1851 1057 1918 libri
1072 1850 1148 1917 XVI
1165 1857 1299 1938 partem,
1324 1873 1403 1939 quae
1419 1851 1502 1918 Pho-

262 1963 340 2028 caici
368 1961 447 2027 belli
475 1962 689 2026 narrationem
718 1962 872 2041 continet,
909 1960 950 2026 ad
977 1981 1072 2025 unum
1102 1964 1262 2025 auctorem
1290 1959 1391 2026 rodtre
1423 1961 1502 2025 mihi

262 2091 383 2158 quoque
408 2092 479 2136 cum
503 2070 647 2135 omnibus
671 2071 725 2155 qui
748 2071 781 2134 in
804 2069 863 2134 hac
887 2067 1070 2155 quaestione
1094 2065 1262 2132 tractanda
1285 2067 1402 2132 versati
1418 2071 1501 2150 sunt,

262 2181 436 2246 certissime
461 2182 594 2245 constat.

352 2286 458 2372 Atque
475 2285 514 2351 A.
533 2285 700 2352 Schaefcro
709 2287 735 2371 ²)
753 2291 878 2352 auctore
895 2284 1149 2372 Volquardsen³)
1165 2283 1247 2368 inde,
1273 2283 1356 2370 quod
1377 2285 1503 2350 initium

262 2394 340 2460 belli
368 2394 416 2460 bis
443 2394 515 2480 (sub
540 2393 659 2459 duobus
683 2395 788 2478 anuis)
812 2394 910 2460 simili
934 2393 1026 2458 modo
1050 2415 1070 2458 a
1092 2392 1230 2459 Diodoro
1254 2394 1431 2479 expositum
1455 2396 1503 2458 est

263 2506 348 2589 (opp.
368 2505 499 2567 23-27
509 2529 516 2584 3
543 2503 691 2588 28-30)
717 2501 793 2567 duos
818 2501 964 2588 deinceps
988 2506 1131 2586 auctores
1152 2523 1171 2566 a
1188 2500 1326 2567 Diodoro
1343 2500 1503 2567 adhibitos

262 2631 329 2676 esso
346 2613 469 2706 statuit,
487 2631 618 2696 quorum
634 2611 731 2696 priori
747 2630 771 2676 o.
791 2613 934 2690 23-27,
958 2609 1052 2674 alteri
1068 2608 1222 2696 reliquam
1238 2609 1351 2675 tribuit
1366 2613 1501 2695 partem.

262 2716 363 2795 Quam
388 2718 641 2784 distributionem
656 2717 867 2803 Roesigero⁴)·
888 2722 920 2782 et
939 2715 1142 2803 118888181οὸ)
1167 2717 1323 2803 probavit,
1349 2737 1411 2782 non
1432 2738 1503 2803 pro-

261 2826 352 2892 bavit
368 2825 540 2911 Η881186),
563 2828 617 2912 qui
632 2825 804 2891 Diodorum
820 2825 892 2891 inde
909 2846 928 2889 a
944 2844 969 2890 c.
990 2826 1031 2888 56
1050 2824 1090 2890 ad
1114 2846 1195 2905 eum,
1213 2844 1229 2889 e
1246 2844 1306 2910 quo
1324 2845 1350 2890 c.
1369 2827 1501 2890 23-27

239 2907 566 3015 ¹hauseratJ'fontem
590 2933 720 3000 rediisse
745 2954 800 3020 pro
825 2937 909 3000 certo
934 2932 1054 3014 habuit,
1078 2930 1244 3017 Paokiol),
1274 2933 1324 2998 cui
1347 2932 1503 3000 Diodorus

262 3043 394 3108 duorum
406 3045 569 3108 auctorum
579 3041 750 3107 relationes
760 3044 807 3106 ita
818 3042 1048 3107 commiscuisse
1060 3042 1145 3106 visus
1155 3044 1213 3123 est,
1227 3044 1263 3105 ut
1273 3061 1343 3126 cpp.
1357 3041 1501 3121 23-27,

262 3151 320 3232 35,
351 3152 462 3233 36,1,
489 3151 531 3214 37
558 3170 596 3215 ex
619 3149 685 3214 alia
707 3153 878 3235 repeteret,
909 3169 946 3214 ex
970 3148 1034 3214 alia
1059 3151 1216 3230 28-30,
1246 3150 1418 3230 31,1-6‚
1450 3152 1502 3232 32,

339 3401 358 3470 ¹)
380 3406 462 3470 Quem
482 3408 619 3458 auctorem
639 3420 692 3457 non
712 3407 775 3457 ante
791 3403 935 3456 Alexandri
948 3405 1037 3473 Magni
1055 3405 1172 3457 aetatem
1186 3405 1322 3458 mortuum
1337 3421 1402 3469 esse,
1423 3405 1504 3458 verba

263 3496 304 3560 14,
325 3495 341 3548 2
362 3497 453 3565 διόπερ
473 3498 500 3548 ἐν
519 3499 574 3555 ταῖς
591 3494 660 3559 μετὰ
678 3499 760 3547 ταῦτα
778 3493 902 3563 πράξεσιν
921 3493 962 3548 ἀεὶ
982 3493 1172 3561 συναγωνιστὰς
1188 3491 1265 3564 loyes
1278 3495 1310 3548 οὐ
1323 3495 1403 3559 μόνον
1415 3494 1503 3558 αὐτὸς,

261 3587 330 3640 ἀλλὰ
354 3587 397 3640 καὶ
421 3587 436 3638 ὁ
463 3587 518 3646 bede
535 3583 715 3655 Ἀλέξανδρος
737 3585 904 3652 apertissime
928 3584 1033 3637 docent.
1072 3585 1304 3650 Bornemannum,
1329 3584 1362 3636 de
1386 3584 1503 3637 CastorIs
1539 3650 1542 3667 Ι

262 3678 395 3731 chronicis
408 3676 519 3729 Diodori
532 3676 617 3729 Siculi
637 3677 710 3730 fonte
729 3692 760 3729 ao
779 3691 873 3728 norma
886 3676 968 3728 hueb.
990 3673 1069 3738 1818,
1089 3674 1122 3728 de
1136 3691 1193 3742 cap.
1209 3674 1253 3739 34,
1273 3673 1343 3727 3-5
1358 3689 1411 3726 uon
1426 3675 1504 3727 caute

262 3765 299 3835 (p.
323 3765 366 3832 18)
386 3767 528 3831 statuisse,
553 3765 754 3834 Volquardsen,
780 3765 903 3819 Jahresb.
923 3765 987 3818 XIX
1006 3781 1032 3832 p.
1055 3764 1119 3840 121,
1144 3767 1215 3816 recte
1234 3762 1379 3828 iudicavit,
1403 3764 1503 3816 sedne

262 3858 294 3910 de
314 3858 402 3925 capite
424 3857 457 3909 14
477 3856 587 3924 quidem
605 3856 754 3923 prudenter
773 3873 835 3911 eum
854 3855 940 3924 egisse
960 3853 997 3922 (p.
1020 3850 1065 3920 13)
1085 3841 1150 3906 mihi
1169 3869 1217 3920 pro
1237 3854 1309 3906 certo
1330 3855 1379 3905 est.

335 3943 356 4010 ²)
375 3946 568 4001 Demosthenes
588 3945 645 3999 und
665 3947 737 4000 scine
757 3947 823 4001 Zeit.
853 3946 866 3998 1
885 3962 911 4013 p.
931 3945 994 3998 448.

333 4033 355 4101 ⁸)
375 4039 393 4088 1.
415 4052 436 4090 8.
456 4052 483 4103 p.
506 4034 565 4088 110.

334 4125 355 4194 ⁴)
376 4129 415 4181 De
429 4126 529 4180 Duride
543 4126 631 4180 Samio
645 4126 755 4180 Diodori
768 4126 907 4180 Plutarchi
925 4128 1042 4180 auctore.
1076 4125 1146 4178 Diss.
1159 4124 1249 4192 inaug.
1284 4123 1407 4192 GottIng.
1424 4123 1503 4178 1874.

328 4216 351 4283 ⁸)
373 4221 413 4272 De
426 4216 528 4271 Duride
542 4217 652 4271 Diodori
665 4217 826 4284 Hieronymo
840 4215 950 4268 Doridis
970 4217 998 4268 in
1013 4218 1092 4270 rebus
1111 4231 1128 4266 a
1140 4214 1341 4268 successoribus
1357 4213 1504 4268 Alexandri

262 4309 295 4362 Μ.
316 4309 398 4377 gestis
417 4310 535 4361 auctore.
573 4306 642 4360 Diss.
663 4307 754 4374 inaug.
793 4305 914 4374 Gotting.
938 4305 1015 4358 1876.
1053 4321 1079 4372 p.
1100 4304 1145 4370 49,
1165 4303 1208 4358 50.

334 4395 355 4463 ⁶)
375 4399 415 4451 De
434 4397 536 4451 Duride
556 4395 652 4450 Samio.
690 4395 760 4450 Diss.
780 4396 870 4464 inaug.
909 4394 1095 4448 Bonn.1874.
1133 4411 1159 4461 p.
1181 4392 1297 4448 50-53.

333 4485 355 4554 ⁷)
375 4489 463 4542 Ueber
487 4487 530 4540 die
549 4487 724 4554 Darstollung
748 4486 795 4540 des
819 4485 937 4552 heiligen
956 4483 1065 4552 Xrieges
1089 4485 1126 4536 im
1151 4483 1194 4539 16.
1214 4483 1289 4537 Buch
1315 4482 1362 4537 des
1386 4482 1498 4537 Diodor.

260 4580 348 4633 Herm.
367 4579 406 4631 XI
425 4595 451 4644 p.
476 4575 626 4630 179-201.
955 4579 957 4584 '
