3314 5124
760 340 984 406 ...32-..

254 523 363 588 -495
385 543 401 578 a
418 524 485 608 ll),
510 521 611 588 altero
628 522 746 589 dictum
761 521 983 588 Demosthenis
999 520 1168 608 Batalique
1185 523 1376 606 cognominis
1395 523 1493 588 inter-

253 634 445 718 pretationes
468 629 648 696 afferuntur.
695 629 808 697 Paucis
831 630 909 696 locis
932 633 1070 717 exceptis
1090 633 1156 696 492
1176 636 1194 689 b
1217 634 1365 714 37-403
1391 634 1456 698 493
1478 653 1494 688 a

255 742 397 822 34-41,
418 743 436 797 b
460 742 616 805 31—494
636 741 689 803 ai
714 741 820 804 omnia
843 741 961 825 optimo
985 739 1091 805 ordine
1116 761 1183 806 sese
1206 740 1366 826 excipiunt
1388 742 1436 805 ita
1458 745 1493 806 ut

253 848 489 934 dispositionem
506 847 597 912 illam
614 850 676 912 iam
694 847 835 913 aPhotii
851 849 936 913 fonte
953 848 1127 914 exhibitam
1144 869 1212 915 esse
1228 849 1494 914 verisimillimum

253 957 311 1036 sit,
341 957 427 1022 cuius
455 954 607 1021 nonnulla
635 954 818 1021 brevissime
848 976 918 1021 eum
948 955 1183 1023 adumbravisse
1207 957 1410 1023 manifestum
1434 961 1492 1038 est,

254 1065 319 1129 492
339 1065 412 1129 bue
430 1063 522 1128 ἄλλοι
537 1062 569 1126 δ’
580 1061 665 1127 ἄλλα
682 1067 756 1147 περί
768 1085 800 1126 τε
812 1063 1008 1138 παιδεύσεως
1019 1068 1248 1149 Δημοσθένους
1258 1065 1311 1128 καὶ
1323 1068 1385 1128 τῶν
1396 1065 1495 1129 αὐτοῦ

253 1169 453 1236 διδασκάλων
463 1169 636 1258 ἱστοροῦσιν
641 1200 652 1250 ,·
668 1172 732 1234 495
754 1191 770 1226 a
787 1171 918 1234 12-15
933 1175 1084 1257 φέρονται
1096 1172 1127 1236 δ’
1139 1169 1237 1236 edred
1248 1171 1495 1255 ἀποφθέγματα

254 1280 388 1344 πλεῖστα
408 1278 461 1342 καὶ
479 1279 690 1361 γνωμολογίαι
710 1279 780 1360 κτλ;
805 1277 869 1343 alia
891 1276 1095 1361 neglegenter
1110 1300 1127 1344 e
1144 1279 1230 1344 son-te
1246 1300 1301 1345 suo
1318 1279 1493 1345 transtulit.

343 1387 463 1453 Eadem
486 1385 539 1452 vel
562 1385 727 1452 simillima
750 1386 914 1473 dispositio
938 1388 1035 1452 etiam
1051 1387 1083 1452 in
1098 1387 1307 1474 Antiphontis
1322 1387 1495 1454 Andocidis

252 1495 369 1582 Lysiae
399 1496 483 1562 Isaei
511 1494 677 1561 Aeschinis
705 1493 878 1581 Hyperidis
901 1494 1053 1561 Dinarchi
1082 1497 1157 1562 vitis
1185 1494 1320 1562 dilucide
1349 1500 1492 1582 apparet.

253 1604 403 1670 Isocratis
438 1605 523 1669 vitae
558 1603 632 1669 ordo
662 1603 807 1669 turbatus
836 1603 970 1669 videtur.
1023 1602 1164 1669 Primum
1193 1607 1277 1670 enim
1304 1603 1342 1670 de
1365 1624 1494 1669 numero

255 1713 430 1778 orationum
455 1716 488 1776 et
511 1711 549 1778 de
574 1716 641 1777 arte
666 1710 823 1777 rhetorica
846 1711 960 1794 agitur,
986 1711 1097 1778 deinde
1121 1713 1188 1778 vita
1211 1716 1358 1777 narratur
1377 1710 1495 1777 sedita

254 1824 387 1886 utente
416 1821 527 1886 mortis
557 1820 885 1888 commemorationem
914 1819 952 1884 de
981 1819 1189 1906 complurium
1212 1821 1387 1885 orationum
1412 1838 1496 1884 com-

254 1929 410 2014 positione
434 1927 621 2014 disputetur,
646 1927 742 1992 morti
765 1931 872 1992 autem
894 1926 1046 1992 nonnulla
1062 1927 1100 1992 de
1117 1927 1255 1992 moribus
1271 1930 1494 2009 annectantur,

254 2040 322 2101 tum
345 2038 459 2101 iterum
484 2035 522 2101 de
546 2036 769 2121 compositione
786 2056 989 2121 sermoneque
1007 2038 1193 2118 orationum,
1217 2036 1384 2121 praecipue
1401 2055 1496 2121 pane-

254 2145 355 2229 gyrici
383 2143 569 2226 disseratur,
606 2142 737 2229 denique
766 2143 804 2208 de
833 2143 996 2230 sepultura
1024 2147 1200 2231 statuisque
1229 2144 1377 2210 Isocratis
1405 2141 1496 2230 plura

255 2251 435 2318 afferantur.
475 2251 537 2318 Hic
561 2251 646 2334 ordo,
672 2272 765 2337 quem
788 2250 936 2318 Photium
960 2255 1080 2319 iamin
1104 2251 1248 2338 exemplo
1270 2272 1324 2318 sno
1341 2253 1496 2317 invenisse

255 2361 331 2426 mihi
357 2380 540 2447 persuasum
555 2364 619 2440 est,
645 2361 691 2424 ita
705 2358 790 2425 haud
807 2359 899 2425 dubie
915 2359 1118 2446 explicandus
1134 2364 1192 2441 est,
1216 2363 1252 2449 ut
1268 2359 1497 2445 disputationes

254 2467 331 2534 illae
360 2468 535 2534 rhetoricae
560 2470 624 2534 487
646 2470 827 2550 all-3&
853 2473 869 2524 b
889 2470 1022 2533 26-40
1047 2467 1183 2534 mediam
1207 2468 1240 2532 in
1264 2467 1363 2532 vitam
1386 2464 1497 2532 illatae

255 2599 275 2643 a
298 2576 431 2643 diversis
455 2576 633 2642 auctoribus
657 2576 816 2662 profectae
841 2596 909 2642 esse
933 2576 1160 2641 existimentur.
1201 2571 1343 2638 Priorem
1360 2574 1444 2638 enim
1460 2573 1497 2639 de

255 2685 460 2772 panegyrico,
505 2682 749 2770 panathenaico,
793 2681 980 2769 Philippicis
1019 2681 1212 2748 orationibus
1251 2680 1498 2767 disputationem

255 2811 380 2878 semper
408 2812 478 2858 cum
507 2791 655 2857 isocratis
684 2792 750 2856 vita
779 2791 977 2857 coniunctam
1001 2791 1156 2871 extitisse,
1187 2785 1498 2855 Pseudo-Plutarchi

255 2920 423 2967 consensus
458 2902 504 2986 (p.
531 2901 606 2981 249,
637 2900 769 2965 65-70
793 2898 890 2966 West.
920 2899 1041 2985 Biogr.)
1077 2896 1252 2964 luculenter
1287 2895 1497 2978 demonstrat;

256 3008 339 3097 quod
362 3010 426 3074 iam
450 3007 508 3073 illo
531 3007 600 3074 loco
623 3007 660 3074 de
678 3009 902 3094 compositione
917 3006 1173 3094 temporibusque
1190 3007 1366 3070 orationum
1383 3007 1496 3088 agitur,

255 3119 288 3183 in
312 3117 462 3183 isocratis
486 3118 553 3182 vita
576 3137 639 3182 non
663 3115 802 3199 offendit,
832 3117 1017 3203 praesertim
1041 3135 1112 3200 cum
1136 3136 1155 3180 a
1179 3114 1417 3201 panathenaico,
1443 3134 1498 3200 pa

256 3226 414 3311 negyrico,
443 3223 593 3311 Philippo
617 3224 658 3290 ad
681 3229 815 3290 mortem
840 3225 972 3290 oratoris
997 3222 1212 3310 exponendam
1236 3219 1387 3287 facillime
1411 3225 1497 3286 tran-

256 3338 372 3400 seatur.
417 3331 562 3398 Alteram
587 3337 692 3398 autem
716 3332 906 3399 rhetoricam
930 3335 1054 3419 partem
1078 3334 1141 3397 487
1163 3331 1331 3396 buo-40
1355 3351 1393 3396 ex
1417 3329 1498 3395 alius

256 3441 392 3508 rhetoris
415 3439 541 3507 officina
565 3441 726 3527 prodiisse,
752 3443 784 3507 in
808 3441 942 3527 pristina
966 3443 1050 3506 vitae
1074 3441 1177 3506 iorma
1197 3459 1258 3504 non
1275 3438 1427 3520 extitisse,
1453 3439 1499 3502 iu-

256 3550 372 3617 dicium
407 3548 445 3615 de
480 3552 667 3635 panegyrico
696 3549 736 3615 ab
766 3551 925 3634 superiore
955 3547 1010 3613 illo
1039 3552 1075 3635 (a
1101 3549 1157 3633 15)
1187 3567 1313 3633 prorsus
1343 3544 1499 3611 diversum

256 3662 346 3724 extra
370 3677 494 3722 omnem
518 3657 747 3724 dubitationem
772 3657 869 3742 ponit.
918 3654 1028 3741 Neque
1052 3656 1154 3722 minus
1178 3659 1298 3721 certum
1322 3656 1386 3734 est,
1417 3651 1499 3738 quod

255 3765 388 3832 Photius
412 3763 547 3830 alteram
569 3764 651 3830 hanc
672 3763 863 3829 rhetoricam
887 3763 1131 3849 disputationem
1154 3782 1216 3828 non
1239 3780 1310 3826 cum
1330 3761 1433 3844 priore
1450 3780 1500 3827 co-

256 3873 411 3962 pulatam,
436 3872 616 3938 sedcontra
631 3871 888 3936 consuetudinem
903 3892 1002 3953 suam,
1027 3892 1090 3956 qua
1106 3870 1249 3935 confusas
1265 3868 1499 3955 permixtasque

255 3978 576 4050 Pseudo-Plutarchei
598 3976 788 4064 exemplaris
811 3999 861 4044 res
885 3980 918 4044 in
941 3983 1059 4045 certam
1083 3975 1242 4063 quandam
1262 3974 1500 4061 dispositionem

256 4090 413 4173 redegisse
438 4087 598 4175 plerisque
621 4086 760 4168 videtur,
791 4069 898 4150 ordine
922 4088 1007 4152 vitae
1030 4084 1157 4150 turbato
1181 4088 1249 4148 tam
1273 4083 1424 4166 singulari
1448 4105 1500 4149 ex-

256 4198 357 4286 plieat
379 4197 459 4279 loco,
484 4197 549 4260 iam
572 4195 691 4260 fontem
715 4197 780 4261 eius
803 4192 886 4261 hunc
910 4193 1051 4260 ordinem
1074 4191 1263 4280 praebuisse.
1312 4191 1384 4258 Non
1407 4192 1502 4256 aliter

257 4306 295 4372 de
322 4303 452 4391 reliquis
488 4305 561 4370 vitis
590 4303 788 4370 iudicandum
817 4302 895 4368 mihi
924 4301 1062 4385 videtur,
1092 4323 1170 4390 quas
1198 4322 1261 4367 non
1284 4322 1301 4366 e
1325 4299 1395 4365 rudi
1421 4300 1501 4365 indi-

256 4418 407 4499 gestaque
436 4411 648 4499 dispersarum
676 4414 860 4479 notitiarum
888 4409 972 4476 mole
1000 4411 1032 4475 in
1061 4431 1131 4476 eam
1159 4431 1255 4496 quam
1277 4427 1359 4474 nunc
1382 4407 1501 4474 habent

257 4523 391 4588 formam
414 4522 597 4606 composuit.
