3314 5124
664 344 885 409 ...41-

151 529 213 590 κῦν
236 523 438 592 διδασκάλων
459 525 530 610 κτλ)
555 505 680 591 omissis
703 527 805 590 totum
826 525 982 590 oratoriae
999 524 1190 590 institutioni
1205 517 1393 590 incubuisse.

151 631 238 712 Quae
254 633 424 720 explicatio
440 631 575 714 Libanii,
600 652 694 719 quem
710 631 869 698 rhetorem
884 652 901 698 e
917 633 1004 698 sonte
1019 630 1209 698 Plutareheo
1231 630 1394 698 simillimo

150 761 187 808 ac
215 740 450 808 necessitudine
478 741 615 827 quadam
643 760 714 807 cum
742 739 798 806 illo
825 742 988 807 coniuncto
1012 731 1156 807 hausisse
1178 743 1262 807 viros
1286 740 1394 807 doctos

150 870 213 915 non
229 848 350 933 effingit,
376 848 480 916 verbis
495 869 557 914 nou
574 869 685 936 parum
701 848 923 936 comprobatur
938 851 985 934 (p.
1004 851 1080 930 294,
1103 851 1145 915 29
1162 870 1210 936 sq.
1227 847 1393 916 Westerm.

150 957 290 1044 Biogr.):
321 963 389 1034 νέος
410 956 450 1044 ἦν
472 958 542 1041 μὲν,
564 953 606 1033 ὦς
629 975 741 1042 φασιν,
764 958 908 1043 ἀσθενὴς
932 959 974 1045 τῷ
998 958 1121 1040 σώματι
1140 959 1193 1022 καὶ
1209 957 1347 1042 νοσώδης
1358 958 1393 1042 ¹),

151 1061 229 1130 ὥστε
244 1066 319 1152 μηδ’
335 1069 379 1141 εἷς
394 1066 598 1152 παλαίστραν
614 1069 774 1151 φοιτῆσαι,
787 1066 945 1151 καθάπερ
962 1066 1084 1140 πάντες
1096 1065 1125 1131 oi
1141 1067 1396 1152 τῶνἎθηναίων

152 1174 267 1248 παῖδες
295 1173 456 1238 εἰώθεσαν
482 1174 555 1249 κτλ,
583 1177 617 1240 et
644 1193 674 1238 v.
704 1175 746 1240 43
775 1168 846 1249 oder'
873 1169 936 1238 ἀπ’
959 1175 1077 1260 ἐκείνης
1101 1178 1153 1260 τῆς
1175 1170 1259 1261 ὥρας
1282 1173 1395 1238 πάντα

153 1269 301 1367 πάρεργα
324 1282 405 1367 πρὸς
430 1282 501 1356 τοὺς
523 1282 638 1361 λόγους
662 1285 797 1346 θέσθαι.
845 1279 924 1347 Cum
947 1282 1008 1347 hac
1031 1283 1099 1348 sine
1123 1281 1217 1347 dubio
1243 1281 1396 1348 benevola

154 1389 309 1456 relatione
332 1388 521 1456 Plutarchus
544 1410 582 1455 ex
606 1389 669 1456 alio
693 1390 779 1456 fonte
803 1388 900 1456 aliam
924 1388 1116 1456 malevolam
1140 1391 1194 1476 (cl.
1219 1389 1310 1455 Dem.
1340 1391 1393 1468 18,

154 1500 234 1584 ret)
258 1497 465 1580 commiscuit,
489 1519 569 1584 quae
593 1497 840 1564 Demosthenem
864 1519 904 1565 ea
925 1519 1007 1585 quae
1031 1501 1181 1582 ingenuos
1204 1519 1317 1584 pueros
1341 1498 1395 1564 de-

153 1607 244 1674 cebat
267 1605 442 1673 eruditione
465 1611 605 1672 tutorum
621 1606 730 1672 fraude
746 1610 883 1674 caruisse
899 1605 1070 1689 contendit,
1096 1628 1191 1694 quam
1207 1605 1394 1673 relationem

153 1713 279 1780 aliunde
307 1714 341 1779 in
370 1715 512 1800 primarii
540 1717 677 1781 auctoris
704 1717 918 1780 narrationem
946 1713 1072 1780 illatam
1101 1735 1169 1781 esse
1197 1734 1272 1780 voce
1299 1715 1396 1790 dorm,

155 1823 215 1888 nisi
239 1820 349 1903 fallor,
379 1823 458 1887 satis
480 1822 679 1908 perspicuum
703 1826 753 1888 est
777 1823 887 1909 (aliter
910 1820 1026 1904 Gebh,
1057 1843 1086 1909 p.
1113 1824 1181 1908 28).
1229 1820 1335 1909 Atque
1363 1823 1395 1888 in

154 1951 179 1997 c.
203 1931 222 1994 5
247 1949 371 2016 quoque
395 1928 526 1995 duorum
550 1928 677 1994 illorum
701 1933 864 1996 auctorum
887 1929 1038 1998 dissensio
1063 1931 1265 2016 apertissima
1288 1935 1396 1996 extare

154 2038 232 2106 mihi
260 2036 400 2104 videturr
441 2036 598 2104 malevolo
627 2039 711 2103 enim
740 2037 838 2104 verba
864 2034 906 2114 ιές
935 2060 1016 2113 τινες
1044 2038 1168 2117 λέγουσι
1197 2037 1250 2123 (de
1282 2037 1396 2124 quibus

154 2146 236 2214 idem
252 2142 337 2233 quod
352 2145 390 2212 de
406 2146 493 2210 donet
504 2144 706 2212 iudicandum
722 2148 796 2232 est),
823 2147 878 2210 cdv
899 2145 1072 2233 deceperas
1094 2147 1216 2228 μισθὸν
1227 2145 1396 2232 Ἰσοκράτει

155 2255 276 2320 τελέσαι
298 2255 341 2340 μὴ
365 2255 552 2338 δυνάμενος,
576 2255 633 2330 τὰς
655 2255 731 2320 δέκα
751 2258 846 2338 μνᾶς,
869 2256 923 2320 διὰ
939 2253 996 2341 λὴν
1010 2247 1173 2341 ὄρφανίαν
1189 2255 1308 2340 optime
1324 2273 1396 2320 eon-

155 2363 260 2430 venire
284 2364 355 2449 quis
377 2361 492 2446 neget?
1088 2435 1090 2439 ⁸

243 2469 401 2537 Similiter
423 2470 462 2537 de
485 2491 510 2538 ο.
538 2473 645 2536 6--11
672 2470 873 2538 iudicandum
897 2492 965 2540 esse
989 2475 1022 2538 et
1037 2470 1240 2537 Gebhardum
1265 2473 1310 2557 (p.
1338 2471 1395 2556 16)

154 2579 304 2646 extremis
319 2598 345 2646 c.
366 2581 404 2644 ll
424 2578 529 2644 verbis
545 2575 645 2662 (ἄλλά
663 2579 736 2663 περὶ
750 2579 809 2661 μὲν
826 2579 946 2644 τούτων
962 2585 1077 2664 καίπερ
1100 2578 1145 2643 ἔτι
1170 2579 1269 2643 πλείω
1293 2579 1396 2657 λέγειν

154 2687 278 2770 ἔχοντες
305 2687 454 2750 ἐνταῦθα
481 2685 682 2770 παυσόμεθα
708 2687 780 2772 κτλ)
810 2686 975 2774 deceptum
999 2706 1060 2753 uno
1084 2691 1193 2753 tenore
1216 2690 1311 2773 atque
1335 2706 1395 2751 uno

154 2796 282 2862 alonte
306 2794 412 2860 omnia
434 2814 473 2859 ea
496 2795 615 2880 scripta
638 2815 706 2862 esse
729 2815 792 2860 uon
815 2799 900 2862 recte
924 2798 1073 2863 statuisse
1099 2816 1180 2862 nunc
1208 2776 1396 2881 probaturus

154 2924 232 2970 sum.
274 2903 312 2968 In
335 2922 361 2969 c.
381 2905 400 2968 6
424 2902 493 2968 init.
511 2901 740 2968 Demosthenes
764 2922 836 2969 cum
860 2902 1051 2990 ephebomm
1075 2907 1215 2970 aetatem
1239 2905 1396 2986 ingressus

152 3011 325 3078 tutelarem
352 3030 479 3078 eausam
507 3011 639 3094 egisset,
676 3011 797 3094 τόλμαν
825 3012 906 3102 πρὸς
935 3011 968 3076 τὰ
997 3013 1100 3090 λέγειν
1130 3013 1184 3074 καὶ
1218 3010 1397 3096 συνήθειαν

154 3119 267 3206 ἱκανὴν
290 3119 400 3202 λαβὼν
422 3118 475 3182 καὶ
497 3118 688 3202 γευσάμενος
711 3122 762 3206 τῆς
785 3121 859 3206 περὶ
882 3120 954 3195 τοὺς
975 3117 1102 3198 ι’κγῶνας
1130 3120 1312 3202 φιλοτιμίας
1340 3117 1394 3180 καὶ

154 3225 315 3312 δυνάμεως
338 3229 381 3302 εἰς
403 3231 499 3310 μέσον
522 3232 674 3314 παριέναι
697 3230 750 3292 καὶ
774 3229 813 3292 τὰ
836 3230 928 3292 κοινὰ
951 3226 1104 3316 πράττειν
1130 3229 1327 3313 ἐπεχείρησε,
1355 3227 1393 3291 cf.

154 3357 233 3423 quae
257 3333 353 3422 paulo
376 3339 450 3422 post
471 3333 633 3418 leguntur:
662 3332 761 3410 οὕτως
785 3339 825 3413 υἷι
841 3344 925 3420 Δημ.
949 3341 1063 3422 συνέβη
1080 3377 1122 3386 -
1139 3337 1173 3400 ἐκ
1195 3332 1306 3399 τούτου
1320 3358 1396 3419 κτη-

154 3447 280 3528 σαμένῳ
295 3440 460 3529 δεινότητα
474 3445 528 3506 καὶ
543 3441 681 3526 δύναμιν
695 3443 731 3507 ἐν
747 3439 815 3519 τοῖςΙ
826 3443 1001 3518 πολιτικοῖς
1016 3442 1135 3524 ἀγῶσιν
1152 3483 1193 3491 -
1210 3441 1395 3527 πρωτεύειν.

153 3550 273 3631 Quibus
301 3549 405 3617 verbis
432 3550 513 3616 nihil
543 3550 630 3617 aliud
659 3571 753 3638 quam
782 3553 980 3638 sequentium
1009 3553 1148 3638 capitum
1177 3553 1396 3633 argumentum

155 3681 250 3747 quam
275 3659 459 3725 brevissime
470 3658 665 3725 -adumbrari
687 3659 766 3724 mihi
789 3659 913 3725 videtur
936 3658 989 3726 cll.
1015 3661 1047 3724 in
1071 3657 1181 3724 codem
1205 3658 1324 3743 capite:
1354 3657 1396 3721 δι’

153 3765 312 3854 etesiae,
334 3766 377 3831 δι’
397 3766 546 3850 ἀθυμίαν
551 3796 562 3847 ,·
586 3767 644 3831 ὑπ’
660 3767 823 3850 ἀτολμίας.
863 3765 1037 3852 Postquam
1053 3766 1137 3831 enim
1154 3767 1240 3852 (epp.
1259 3766 1395 3850 6-11),

153 3874 266 3962 quibus
289 3874 436 3941 remediis
460 3876 597 3961 corporis
622 3877 701 3942 vitia
728 3876 888 3942 sanaverit
916 3876 1090 3962 quibusque
1119 3873 1395 3940 exercitationibus

153 4005 243 4050 suam
259 3984 414 4049 creaverit
437 3981 661 4069 eloquentiam,
686 3981 876 4050 Plutarchus
891 3985 1067 4051 accuratius
1083 3982 1236 4070 exposuit,
1258 3982 1290 4047 iu
1307 3999 1332 4047 c.
1353 3983 1394 4044 12

153 4091 203 4158 his
227 4092 346 4178 pergit:
375 4086 498 4178 ὥρμησε
519 4092 579 4174 μὲν
602 4089 662 4156 οὖν
683 4093 739 4156 ee
763 4093 797 4156 τὸ
820 4090 973 4179 πράττειν
997 4093 1036 4156 τὰ
1058 4092 1150 4157 κοινὰ
1174 4093 1228 4154 τοῦ
1251 4093 1395 4154 Φωκικοῦ

155 4200 297 4284 πολέμου
324 4202 513 4274 συνεστῶτος
539 4199 612 4276 κτλ,
646 4200 758 4286 quibus
786 4199 827 4266 ad
858 4199 917 4265 illa
951 4220 977 4266 c.
1009 4203 1029 4265 6
1065 4203 1173 4286 aperte
1208 4196 1393 4264 reducimur.

230 4451 249 4521 ¹)
270 4455 308 4510 De
333 4454 452 4524 corporis
476 4454 665 4510 imbecillitate
688 4454 800 4510 aliunde
823 4456 893 4510 nihil
918 4458 1038 4524 constat,
1068 4455 1121 4510 nisi
1146 4453 1286 4511 Aeschinis
1315 4453 1395 4509 rerba

157 4543 182 4616 3,
202 4544 255 4603 255
274 4561 355 4601 eausa
373 4545 492 4602 fuerunt.
