3314 5124
661 345 882 409 ..25-

153 546 318 612 arcemque
334 523 525 592 Timoleonti
548 524 645 607 dedit,
670 527 724 611 qui
745 524 785 590 ad
808 525 841 590 id
864 526 1015 626 temporis
1031 524 1153 591 nullam
1169 525 1254 592 urbis
1270 527 1394 612 partem

152 634 296 716 tenebat,
333 654 359 699 c.
387 637 426 698 17
452 631 597 715 Hicetas,
627 634 680 719 qui
708 632 817 700 multis
840 631 1145 717 Carthaginiensium
1168 633 1300 700 navibus
1323 623 1395 720 por-

152 746 220 808 tum
244 743 309 808 iam
333 746 428 807 antea
444 740 658 828 occupandum
674 745 839 808 curaverat
859 746 901 829 (c.
921 744 978 827 11)
994 746 1097 808 totam
1112 740 1246 808 classem
1262 741 1394 825 Magone

153 849 229 916 duce
258 849 408 932 advocat;
438 869 463 915 c.
491 851 532 915 18
557 848 656 930 Neon,
681 847 911 916 Corinthiorum
935 851 1125 937 praefectus,
1155 850 1333 916 excursione
1357 871 1395 915 ex

153 978 223 1024 arce
254 957 341 1023 facta
367 955 583 1023 Achradinam
612 957 748 1038 obtinet,
778 977 803 1023 c.
830 961 869 1022 21
899 957 1014 1024 Hiceta
1042 959 1150 1042 fugato
1179 960 1248 1023 tota
1275 958 1349 1023 urbs
1377 979 1396 1023 a

154 1064 349 1131 Timoleonte
362 1069 539 1151 occupatur.
555 1105 596 1126 -e
610 1063 790 1150 Numquam
805 1065 901 1148 igitur
912 1063 1083 1132 Plutarcho
1097 1065 1256 1152 (Timaeo)
1269 1070 1395 1132 auctore

155 1178 210 1240 aut
232 1173 364 1239 Hicetas
388 1171 601 1239 Achradinam
630 1176 663 1238 et
686 1169 854 1258 Neapolim
882 1172 966 1239 solas
995 1178 1051 1239 aut
1074 1173 1236 1240 Timoleon
1259 1172 1397 1260 reliquas

154 1281 241 1347 urbis
269 1285 377 1368 partes
404 1285 530 1368 praeter
558 1279 699 1345 Insulam
728 1281 858 1346 tenebat
886 1280 984 1368 (Diod
1013 1285 1065 1364 69,
1088 1283 1129 1367 3).
1186 1281 1249 1347 Sed
1276 1280 1397 1368 reliqua

154 1410 277 1476 quoque
306 1409 332 1455 ο.
359 1392 400 1454 69
430 1411 503 1475 pars
532 1409 626 1475 quam
654 1392 789 1455 maxime
814 1411 834 1455 a
855 1389 1026 1457 Plutarcho
1051 1390 1191 1456 dissidet.
1239 1390 1397 1457 Societate

17 1585 21 1596 μ
154 1499 239 1564 enim
273 1496 424 1564 Mamerci
461 1497 694 1584 multorumque
733 1498 950 1581 castellorum,
990 1497 1222 1565 Corinthiorum
1261 1499 1399 1564 adventu

154 1603 273 1685 ἄλογόν
290 1627 362 1669 τινα
385 1606 437 1670 καὶ
460 1605 649 1692 παράδοξον
671 1608 851 1693 μεταβολὴν
866 1607 1022 1689 incidisse,
1047 1605 1253 1673 Timoleontis
1270 1608 1397 1693 eiusque

155 1714 293 1780 militum
318 1719 439 1780 animos
463 1733 652 1799 magnopere
668 1713 821 1781 demissos
837 1717 1001 1781 restitutos
1018 1737 1096 1796 esse,
1122 1713 1398 1798 Carthaginienses

154 1827 242 1888 metu
270 1819 429 1908 perculsos
458 1842 475 1886 e
499 1824 592 1908 portu
620 1821 799 1889 discessisse
823 1823 893 1909 quis
916 1822 1054 1889 Diodoro
1078 1821 1200 1905 credat,
1230 1842 1301 1888 cum
1325 1821 1398 1888 Plu-

155 1930 283 1998 tarchus
306 1950 369 1995 non
392 1929 495 1995 solum
522 1928 713 1996 Mamercum
743 1933 784 2016 (.
816 1933 873 2016 13)
902 1931 1079 2016 oppidaque
1107 1931 1210 1996 multa
1237 1932 1301 1995 iam
1325 1933 1397 2024 ante

156 2041 236 2106 arcis
264 2037 456 2104 deditionem
485 2036 690 2104 Timoleontis
718 2043 825 2124 partes
853 2043 975 2105 secutos
1005 2059 1073 2105 esse
1102 2037 1218 2104 diserte
1245 2041 1399 2104 memoret

156 2147 210 2214 sed
238 2147 336 2212 etiam
366 2148 406 2231 (c.
434 2147 490 2231 16)
520 2149 682 2233 comperta
710 2147 836 2212 demum
860 2147 1006 2233 Dionysii
1034 2146 1191 2212 deditione
1220 2144 1399 2212 Corinthios
1513 2173 1516 2177 ·

156 2254 275 2320 auxilia
299 2252 489 2319 Timoleonti
512 2255 634 2320 misisse
659 2253 780 2341 plenius
804 2254 960 2342 exponat?

245 2361 308 2428 Hic
331 2361 482 2443 subsisto,
513 2360 577 2426 alia
605 2382 727 2448 quoque
755 2366 892 2445 restant,
922 2383 1002 2449 quae
1026 2365 1178 2448 quantum
1201 2361 1357 2428 Diodorus
1381 2383 1400 2426 a

156 2470 328 2537 Plutarcho
353 2469 509 2555 discrepet
533 2468 706 2536 clarissime
730 2468 906 2551 illustrant,
936 2470 992 2536 scd
1016 2491 1054 2535 ea
1076 2491 1156 2556 quae
1180 2469 1297 2556 protuli
1321 2472 1399 2536 satis

158 2583 243 2661 sunt,
283 2581 320 2643 ut
357 2576 530 2643 Diodorum
566 2599 582 2642 e
617 2598 744 2664 prorsus
783 2577 846 2644 alic
881 2578 967 2643 fonte
1002 2577 1143 2644 hausisse
1183 2578 1398 2665 perspiciatur.

158 2686 299 2753 Eundem
323 2689 482 2752 auctorem
506 2685 590 2751 haud
615 2685 707 2751 dubie
731 2686 764 2751 in
787 2705 812 2751 ο.
839 2688 881 2750 70
905 2707 1027 2772 quoque
1051 2685 1204 2768 adhibuit,
1233 2685 1315 2772 quod
1338 2705 1401 2751 non

158 2795 259 2862 solum
283 2815 354 2860 cum
370 2794 528 2879 superiore
545 2793 703 2860 artissime
720 2793 918 2860 coniunctum
934 2797 992 2876 est,
1018 2795 1180 2880 (instituta
1196 2793 1401 2860 Timoleontis

159 2923 218 2968 non
241 2900 470 2984 intelleguntur
493 2903 554 2968 nisi
577 2902 653 2967 urbe
676 2902 740 2968 iam
765 2903 932 2988 occupata)
957 2901 1012 2968 sed
1036 2903 1133 2967 etiam
1150 2901 1247 2967 alium
1264 2901 1401 2968 colorem

158 3010 290 3095 praebet
325 3013 420 3094 atque
448 3007 612 3076 Plutarchi
646 3009 784 3076 eiusdem
813 3012 858 3075 rei
886 3011 1035 3076 narratio·
1055 3011 1229 3096 (la-15).
1276 3010 1402 3077 Discre-

159 3119 267 3204 pantia
291 3137 364 3182 vero
389 3138 427 3182 ea
450 3121 508 3199 est,
533 3117 616 3203 quod
631 3117 802 3203 Dionysius
817 3117 955 3184 Diodoro
979 3123 1106 3184 auctore
1126 3119 1161 3182 ἐν
1176 3119 1274 3204 μικρῷ
1290 3137 1401 3204 στρογ-

158 3221 240 3308 γύλῳ
265 3225 383 3308 πλοίῳ,
413 3223 584 3291 Plutarcho
608 3229 714 3291 autem
738 3229 864 3292 auctore
888 3225 944 3289 ἐπὶ
964 3229 1040 3308 μιᾶς
1063 3227 1140 3300 νεώς
1162 3229 1219 3312 (se.
1247 3226 1401 3312 τριήρους)

159 3331 345 3399 Corinthum
373 3355 392 3398 a
416 3331 611 3400 Timoleonte
641 3335 754 3400 missus
782 3336 840 3400 est.
891 3332 1020 3400 Holmio
1032 3335 1055 3420 ¹)
1085 3335 1209 3400 omnino
1238 3335 1401 3415 assentior,

159 3443 211 3526 qui
234 3438 370 3525 Polybio
394 3439 503 3523 XM,4
529 3445 612 3508 teste
622 3443 648 3527 ²)
678 3440 850 3508 Diodorum
879 3440 1071 3529 Theopompi
1100 3443 1234 3524 vestigia
1262 3462 1402 3528 premere

158 3551 242 3615 recte
259 3549 389 3631 statuit3
412 3548 586 3615 Diodorum
602 3551 686 3614 enirn
703 3571 719 3616 e
736 3549 857 3615 duabus
880 3548 946 3616 illis
970 3571 990 3614 a
1006 3549 1132 3616 Timaeo
1149 3549 1259 3615 allatis
1274 3548 1403 3614 relatio-

159 3658 250 3724 nibus
267 3657 522 3744 Theopompeam
535 3657 677 3724 consulto
694 3637 861 3744 elegisseh
874 3658 952 3724 mihi
969 3679 1090 3745 quoque
1107 3659 1159 3724 vix
1175 3656 1325 3724 credibile
1342 3660 1401 3740 est,

159 3767 347 3851 praesertim
371 3785 441 3831 cum
464 3767 589 3852 saepius
605 3765 778 3832 Diodorum
802 3767 905 3832 varias
928 3764 1098 3850 relationes
1123 3764 1361 3848 diligentissime
1385 3787 1402 3832 e

159 3871 288 3940 Timaeo
311 3873 512 3940 transtulisse
529 3877 666 3957 constet;
690 3873 843 3939 habemus
859 3872 897 3955 V,
916 3877 946 3956 6,
967 3884 980 3938 l
998 3873 1221 3967 dissensionem
1235 3872 1352 3938 Timaei
1370 3876 1403 3938 et

234 4181 242 4214 ¹
273 4185 300 4238 M
348 4182 436 4236 .377.

232 4182 254 4340 ’ζ
274 4225 308 4330 ἐν,
320 4201 361 4338 oh
375 4272 504 4348 (Τίμαιος)
519 4273 676 4340 θεοπόμπου
694 4276 743 4340 μὲν
761 4279 910 4344 κατηγορεῖ,
930 4275 994 4328 διότι
1009 4272 1143 4327 Διονυσίου
1162 4271 1338 4340 ποιησαμένου
1357 4269 1403 4342 τὴν

160 4367 316 4436 ἀνακομιδὴν
336 4369 364 4419 ἐκ
378 4364 494 4427 Σικελίας
512 4367 550 4426 εἰς
566 4361 695 4434 Κόρινθον
714 4367 742 4418 ἐν
759 4365 848 4438 μακρᾷ
867 4363 915 4433 νηῒ,
936 4364 1091 4429 θεοπομπός
1109 4382 1186 4432 φησιν
1205 4364 1232 4416 ἐν
1251 4361 1401 4434 στρογγύλῃ
1422 4383 1423 4386 ’

162 4457 359 4528 παραγενέσθαι
377 4457 422 4510 τὸν
441 4455 581 4510 Διονύσιον.
621 4458 653 4510 ci.
674 4455 798 4521 arcebar,
817 4471 842 4524 p.
864 4454 906 4510 22.

234 4543 256 4611 ⁸)
278 4547 385 4616 Volqu,
404 4563 432 4616 p.
454 4545 513 4600 101.
