3314 5124
719 381 939 456 ⁶56...

211 571 308 638 verba
331 593 351 636 a
371 572 533 638 Demetrio
556 572 626 658 ipso
650 591 687 637 ex
709 569 876 658 Hermippi
899 570 980 637 libro
1003 575 1132 658 recepta
1155 575 1188 636 et
1210 573 1243 637 in
1266 593 1356 637 suam
1380 591 1451 637 sen·
1481 655 1484 662 Ι

210 682 344 747 tentiam
368 684 492 748 mutata
515 683 547 745 in
572 680 788 766 archetypum
802 677 1054 746 PsPlntarcheae
1078 681 1163 745 vitae
1190 683 1350 746 venerunt.

300 787 469 853 Platonem
501 787 725 856 Demosthenis
760 791 995 874 praeceptorem
1031 788 1127 854 fuisse
1162 789 1194 854 in
1230 787 1293 854 alio
1328 807 1452 875 quoque

211 897 398 980 fragmento,
423 895 507 982 qnod
530 895 571 961 ad
594 900 736 961 nostram
757 897 974 981 quaestionem
991 898 1104 962 summi
1121 895 1266 982 ponderis
1283 900 1342 978 est,
1368 915 1452 961 com-

210 1009 418 1070 memoratum
441 1006 626 1070 invenimus.
675 1002 734 1069 Est
755 1005 954 1070 notissimum
980 1003 1060 1070 illud
1089 1026 1109 1070 1
1132 1003 1235 1070 Gellio
1259 1003 1299 1069 N.
1324 1004 1364 1070 A.
1391 1003 1450 1085 ΙΙΙ,

213 1116 256 1180 13
281 1117 455 1194 servatum,
485 1116 548 1195 cui,
578 1133 770 1198 quamquam
798 1133 860 1178 non
889 1115 1014 1178 constat
1040 1133 1136 1199 quam
1164 1117 1310 1178 accurate
1339 1131 1454 1196 graeca

211 1219 308 1287 verba
330 1220 515 1302 reddiderit,
544 1225 653 1285 tamen
676 1224 712 1285 ut
735 1221 825 1286 unico
848 1221 925 1286 testi
952 1218 1029 1284 fides
1058 1239 1119 1285 non
1148 1219 1330 1303 abroganda
1358 1224 1408 1286 est
1418 1221 1452 1306 ¹).

212 1329 286 1395 Tria
309 1330 349 1395 ab
373 1328 547 1415 Hermippo
571 1329 732 1411 docemur,
757 1328 1005 1395 Demosthenem
1030 1327 1197 1394 admodum
1222 1327 1455 1395 adulescentem

213 1436 380 1503 Platonem
408 1437 516 1504 audire
544 1437 673 1503 solitum
702 1457 784 1518 esse,
814 1436 869 1503 sed
893 1434 1071 1502 Callistrati
1100 1438 1241 1502 oratione
1264 1439 1297 1501 in
1322 1435 1457 1522 Oropica

214 1567 308 1613 cansa
335 1546 448 1612 habitu
475 1567 495 1611 1
523 1545 724 1632 philosophia
753 1545 793 1611 ad
822 1544 1020 1632 eloquentiae
1049 1544 1189 1611 studium
1224 1544 1388 1610 deflexisse
1424 1548 1457 1609 et

214 1653 434 1722 Callistratum
457 1657 561 1740 ipsum
585 1655 698 1720 sectari
724 1655 873 1740 coepisse.
914 1651 999 1731 Quae
1022 1652 1259 1719 narratiuncula
1277 1657 1457 1739 temporum

214 1763 388 1829 rationibus
404 1783 466 1829 non
481 1765 659 1849 repugnans
667 1764 694 1848 ²)
713 1761 796 1848 apud
813 1763 969 1828 neminem
993 1761 1237 1848 biographorum
1260 1760 1371 1826 eadem
1396 1779 1459 1848 qua

215 1871 299 1958 apud
322 1869 462 1937 Gellium
485 1870 603 1955 legitur
626 1871 728 1936 forma
752 1874 851 1936 extat.
899 1869 1044 1935 Proxime
1068 1869 1210 1936 Zosimus
1238 1867 1374 1949 accedit,
1405 1870 1458 1955 qui

215 1982 290 2061 298,
318 1982 359 2045 38
382 1999 428 2066 sq.
445 1977 692 2045 Demosthenem
708 1975 837 2044 Platoni
852 1997 980 2064 operam
997 1976 1130 2060 dedisse,
1156 1975 1335 2043 Callistrati
1351 1981 1458 2042 autern

215 2087 358 2174 exemplo
387 2086 565 2174 perculsum
594 2086 792 2172 eloquentiae
821 2106 889 2152 sese
918 2085 1041 2152 dedisse
1069 2109 1148 2152 nnus
1176 2087 1314 2152 omnium
1349 2087 1457 2168 refert,

214 2194 269 2262 sed
292 2194 371 2261 nihil
393 2194 431 2261 de
448 2215 543 2261 causa
559 2193 702 2280 Oropica,
726 2193 807 2260 nihil
823 2193 861 2259 de
876 2194 1089 2260 Demosthene
1107 2192 1286 2260 Callistrati
1302 2197 1458 2260 sectatore

215 2307 451 2370 commemorat.
491 2302 619 2398 Erravit
642 2322 715 2368 vero
731 2301 889 2388 Lozynshi
912 2305 956 2390 (p.
976 2305 1030 2384 43,
1057 2305 1136 2388 117)
1152 2302 1236 2389 quod
1251 2299 1459 2369 Plutarchum

215 2412 247 2476 in
271 2431 296 2477 c.
324 2411 342 2474 5
368 2431 437 2477 cum
462 2407 609 2476 Gallieno
637 2409 706 2478 loco
734 2408 851 2494 collato
875 2409 1043 2496 Hermippi
1070 2412 1170 2476 vitam
1199 2409 1240 2475 ob·
1267 2409 1374 2476 oculos
1403 2410 1460 2476 ha·

215 2518 320 2584 buisse
336 2519 541 2600 existimavit,
567 2539 662 2604 quam
678 2519 868 2588 sententiam
885 2516 955 2584 Oar.
975 2515 1108 2583 Mueller
1132 2519 1183 2600 (fr.
1202 2517 1232 2583 h.
1251 2539 1296 2602 gr.
1315 2519 1374 2602 ΙΙΙ,
1401 2520 1459 2605 50)

216 2629 350 2714 recepit,
380 2626 509 2713 Haugr)
538 2627 649 2714 cupide
674 2628 821 2714 arripnit,
852 2625 1070 2712 Scheurleer⁴)
1100 2632 1133 2692 et
1156 2625 1305 2693 Gebhard
1328 2629 1374 2714 (p.
1403 2629 1459 2713 11)

217 2736 442 2822 probaverunt,
479 2753 610 2820 quorum
644 2735 695 2801 hic
724 2733 931 2800 Plutarchum
958 2733 1126 2820 Hermippi
1161 2735 1304 2817 vestigiis
1339 2736 1387 2800 ita
1414 2737 1461 2801 in-

218 2845 337 2910 stitisse
362 2843 509 2929 opinatus
533 2846 591 2924 est,
615 2847 652 2908 ut
675 2847 731 2908 aut
754 2844 820 2908 eius
844 2844 1034 2909 sententiam
1058 2842 1277 2929 comprobaret
1300 2847 1356 2908 aut
1379 2841 1460 2909 alius

218 2952 379 3038 scriptoris
414 2950 498 3037 apud
526 2949 734 3037 Hermippum
771 2949 905 3016 allatam
937 2948 1122 3016 relationem
1151 2949 1395 3036 probabiliorem
1424 2971 1461 3017 ac

220 3060 462 3127 commodiorem
486 3080 554 3126 esse
579 3063 713 3147 putaret.
755 3057 844 3138 Quod
866 3060 994 3125 minime
1017 3058 1095 3124 mihi
1119 3057 1274 3145 probavit.
1319 3054 1461 3124 Primum

220 3170 304 3234 enim
328 3169 355 3234 si
380 3168 488 3234 fabule
510 3168 569 3234 illa
592 3169 630 3234 de
655 3167 789 3255 Oropica
812 3189 907 3235 causa
930 3189 950 3233 1
971 3165 1142 3234 Plutarcho
1168 3169 1219 3254 (5)
1242 3166 1363 3233 tradita
1387 3169 1463 3234 scri·

220 3277 321 3362 pteris
349 3275 489 3342 cuisdam
518 3275 558 3341 ab
586 3275 761 3363 Hermippo
789 3276 880 3342 citati
908 3279 1005 3358 esset,
1037 3275 1226 3359 significatio
1255 3276 1293 3340 iis
1321 3296 1401 3361 quae
1430 3278 1463 3342 in

222 3383 330 3449 eodem
355 3383 458 3469 capite
482 3383 713 3469 subsequuntur
736 3379 846 3470 (Ἐρμ.
863 3383 900 3447 δέ
915 3401 1013 3468 φησιν
1027 3382 1217 3457 ἀδεσπότοις
1233 3381 1464 3468 ὑπομνήμασιν

221 3492 374 3572 ἐντυχεῖν,
397 3489 500 3565 troie
522 3491 698 3578 ἐγέγραπτο
704 3519 714 3569 3
738 3497 906 3576 Κτησιβίου
925 3496 1080 3577 μέμνηται
1102 3492 1248 3569 λέγοντος
1262 3491 1333 3573 κτλ)
1350 3490 1464 3557 similis

222 3601 348 3664 omnino
372 3599 612 3680 desideraretur,
637 3597 749 3664 deinde
772 3617 853 3684 quae
876 3597 1044 3685 Hermippi
1066 3600 1164 3685 ipsius
1189 3599 1282 3664 hrerit
1306 3601 1465 3666 sententia

303 3868 323 3937 1)
343 3873 535 3940 Hermippcum
555 3872 628 3926 hunc
647 3874 736 3925 locum
757 3887 817 3926 cum
837 3874 974 3942 superiore
993 3876 1050 3926 arte
1076 3872 1251 3926 coniunctum
1276 3874 1427 3940 exstitisse,
1451 3890 1466 3928 e

227 3962 358 4016 Gellianis
377 3964 464 4017 verbis
483 3963 563 4016 etiam
583 3977 656 4016 nuuc
674 3964 845 4031 perspicitur.
877 3965 915 4018 lia
933 3965 1003 4018 enim
1018 3979 1087 4032 quae
1102 3961 1205 4016 Gellius
1219 3963 1465 4032 Hermippiipsius

171 4101 176 4108 .
224 4054 373 4108 sententiae
393 4049 496 4106 directa
514 4053 634 4107 oratione
654 4050 755 4121 (Atque
769 4054 800 4119 is,
820 4054 919 4123 inquit,
940 4070 961 4108 e.
978 4069 1004 4122 q.
1017 4051 1050 4117 s.)
1065 4067 1203 4120 expressae
1216 4053 1356 4121 praemisit
1368 4055 1463 4109 verba:

228 4145 408 4212 „Hermippus
427 4143 478 4196 hoc
497 4144 628 4211 scriptum
647 4143 759 4211 reliquit
777 4160 799 4197 e.
819 4159 845 4214 q.
865 4143 903 4197 s.“
924 4169 958 4180 -
978 4158 1141 4213 quamquam
1163 4145 1312 4211 „scriptum
1335 4144 1463 4214 reliquit“

226 4248 280 4286 non
300 4236 339 4288 ita
358 4237 389 4288 ut
408 4232 550 4288 Gebhardo
570 4234 676 4288 ridetur
695 4232 732 4303 (p.
756 4233 799 4302 ll)
818 4234 1022 4302 interpretanda
1040 4236 1105 4287 sunt
1125 4259 1159 4269 -
1179 4235 1309 4302 superiori
1329 4235 1372 4287 illi
1394 4236 1465 4289 alius

226 4325 344 4378 auctoris
363 4325 397 4379 eb
417 4325 561 4392 Hermippo
582 4328 803 4379 commemoratae
822 4324 948 4379 relationi
968 4326 1068 4394 optime
1087 4323 1258 4392 respondent.
1323 4348 1326 4372 ι

299 4410 320 4481 ²)
340 4415 473 4482 Schaeier,
493 4417 523 4469 D.
544 4431 570 4469 u.
591 4431 611 4470 s.
632 4417 670 4482 Z,
690 4415 710 4482 l,
731 4416 778 4483 97,
799 4415 860 4471 176.

298 4500 506 4574 ⁸)1.1.p.75.

300 4593 322 4670 ⁴)
343 4599 382 4652 De
401 4597 535 4658 Demetrio
555 4597 675 4675 Magnete
695 4595 797 4672 disput.
817 4595 913 4673 philol,
953 4594 1077 4663 Lugdun.
1098 4593 1190 4655 Betae,
1214 4593 1290 4654 1858.
1327 4611 1354 4671 p.
1374 4595 1418 4654 64.
